2474 4552
530 232 559 287 r
608 240 634 291 n

30 312 50 327 “
135 290 208 366 136

52 466 60 479 ·
137 431 381 517 rumquerecte
396 409 596 513 usurpanda3
622 411 978 518 quaquide'mratione
1000 402 1122 493 factm
1152 492 1154 497 .

116 568 120 575 -
139 538 198 603 est,
223 535 269 602 ut,
298 535 423 614 praeter
437 541 486 603 es,
511 541 594 613 quae
610 512 652 587 de
667 520 798 589 veritate
810 543 849 591 ac
864 516 1123 593 libertate-evan·

118 648 123 657 ·
140 618 247 717 gelics
269 634 483 713 cognoverat,
504 613 763 689 inaestimanda
783 634 922 704 eorum,
942 643 1123 715 quae-vera

140 714 330 812 judicamus,
354 713 396 788 nd
411 710 577 815 agendum
594 720 625 789 vi
636 736 666 788 et
677 710 820 789 efficacis
837 742 855 789 a
869 738 1004 791 nostrae
1019 723 1122 791 aetatis

139 816 343 901 hominibus,
364 814 440 887 licet
451 813 554 887 multa
569 819 630 888 hae
644 813 685 887 de
700 842 736 889 te
751 816 847 889 verba
866 815 976 889 iacere
989 818 1122 907 soleant,

140 915 236 991 nullo
251 913 357 988 modo
370 918 523 989 vincatur.
572 914 799 989 Nihilominus
812 915 1050 1015 profitendam,
1071 916 1122 997 do·

31 1062 34 1067 -
141 1013 282 1089 cendam
301 1034 396 1113 atque
417 1010 756 1091 defendendamvere
779 1015 1121 1115 evangeliqamliden

20 1116 29 1128 '
141 1120 289 1189 maxime
306 1116 367 1187 sibi
379 1121 503 1202 sumsit,
528 1133 559 1188 et
580 1120 619 1187 in
628 1118 697 1189 hoc
708 1120 847 1215 negotio
863 1137 929 1189 taut
949 1125 1010 1215 pio
1024 1144 1122 1217 versa·

124 1227 192 1289 ‘tus
211 1237 257 1287 est
279 1219 405 1302 animo,
427 1234 462 1289 ut
483 1218 597 1287 intime
617 1215 751 1314 quilibet
769 1222 981 1289 commoveri
1000 1214 1122 1310 debeat,

142 1322 211 1417 qui,
222 1341 305 1412 quae
318 1319 387 1413 ipse
404 1311 515 1387 bacde
530 1341 566 1387 re
580 1314 726 1413 protulit,
739 1313 872 1388 modica
886 1335 1017 1389 tautum
1027 1331 1122 1393 atten-

141 1422 234 1490 tione
243 1410 436 1491 consideret.
461 1419 569 1513 sitque
581 1421 617 1487 in
631 1417 719 1487 hisce
730 1411 928 1492 declarandis
943 1443 1046 1491 more
1057 1444 1121 1507 suo,

140 1512 346 1590 hocdicendi
356 1512 862 1617 genusindeliciishsbens,haud
874 1542 951 1587 raro
965 1518 1123 1615 paraboli-

94 1636 97 1645 “
140 1608 1123 1717 celoquitur,alluditquedictis,factisetimaginibusescrip·

141 1736 211 1788 tura
227 1733 314 1786 sacrat
327 1719 448 1814 petitis:
460 1719 584 1812 saepius
597 1733 706 1784 tamen
721 1738 858 1801 caussas,
872 1719 1020 1811 rationes
1033 1724 1124 1816 atque

22 1892 30 1903 ,
139 1836 332 1915 argumenta
351 1811 430 1887 fidei
448 1840 523 1887 suae
544 1813 784 1913 simplicissime
801 1819 951 1913 exponit,
971 1813 1125 1915 lectores·

141 1941 218 2016 que,
239 1914 273 1987 id
292 1912 384 2014 quod
401 1913 535 2013 reliquis
549 1939 682 2014 quoque
695 1915 888 2003 oratoribus,
899 1918 956 2013 qui
970 1918 1127 2005 iussero·

140 2041 216 2088 rum
239 2011 524 2088 emendandorum
553 2018 743 2112 praestantia
765 2005 973 2099 defendenda
995 2010 1126 2090 desudi·

43 2184 47 2191 .
139 2134 227 2202 runt,
250 2117 399 2214 contigit,
423 2133 500 2186 tuuc
513 2117 720 2213 potissimum
740 2128 855 2199 secum
868 2115 999 2215 abripit,
1020 2130 1127 2219 ‘quum

140 2210 183 2297 de
198 2212 383 2313 profitenda
396 2233 493 2312 atque
506 2210 734 2287 confirmanda
748 2219 904 2289 sententis
916 2208 1045 2314 agitur:
1064 2220 1127 2292 hoe

138 2319 247 2413 ipsum
263 2309 514 2386 emendatorum
528 2337 697 2385 sacrorum
711 2339 793 2413 opus
805 2340 877 2403 non
892 2320 982 2407 nisis
997 2314 1066 2401 d'eo
1083 2343 1127 2392 es·

138 2408 413 2512 se‘repetendum.
449 2409 636 2505 ¹Ejusmodi
653 2412 1126 2518 virum‘abomnibnqquib'ps

138 2518 245 2613 ipsum
267 2517 408 2613 penitius
431 2508 655 2611 cognoscendi
679 2519 775 2612 copia
794 2534 863 2588 erat
881 2510 980 2603 facta,
1005 2520 1125 2592 intimo

138 2616 266 2702 amor'e,
288 2609 458 2712 quidquod
473 2637 602 2685 summs
616 2611 817 2687 observantia
832 2612 1129 2715 dignissimumes-

135 2709 172 2786 're
186 2711 342 2799 habitum,
350 2732 439 2786 certo
448 2718 561 2785 certius
582 2717 766 2798 existimare
781 2714 877 2787 nobis
890 2714 1015 2806 liceret,
1029 2723 1127 2792 etiam

138 2819 167 2885 si
185 2817 341 2911 expressis
360 2816 421 2885 hac
439 2810 480 2907 de
500 2839 537 2885 re
557 2818 750 2887 testimoniis
770 2838 962 2891 careremus.
1014 2820 1126 2920 Qum

139 2937 218 2985 vero
235 2939 329 3012 supra
342 2918 408 3005 jam
423 2907 663 3002 familiaritatis,
688 2914 772 3013 qu'ac
786 2922 900 2991 nostro
914 2919 1126 2991 cum‘Lutbe·

139 3037 180 3087 ro
202 3009 516 3101 fuit,'mentionem
536 3008 729 3108 fecerimus,
760 3042 865 3105 nunc,
889 3035 925 3089 ut
940 3040 987 3091 eo
1009 3010 1126 3105 clarius

219 3196 316 3277 hujus
339 3191 466 3258 scholae
486 3190 758 3343 philospphorum
778 3218 877 3285 opera
898 3157 1126 3279 comebantur,

219 3280 263 3342 ita
282 3276 444 3341 antehaec
458 3292 518 3341 trra
535 3300 587 3341 sec
624 3277 828 3355 nRenchlini,
849 3278 987 3364 Erasmi,
1011 3284 1125 3371 Oeco-

24 3432 31 3443 ,
129 3375 132 3379 ’
219 3357 558 3448 lampadiilluttenii,
578 3359 975 3451 Melanchthonis-scripta
997 3365 1035 3429 in
1049 3366 1125 3429 nin-

217 3443 314 3508 nibus
336 3443 483 3507 omnium
503 3443 723 3523 versabantur,
742 3446 799 3530 qni
821 3447 970 3510 virorum
989 3444 1124 3513 liberali

219 3524 367 3589 doctrina
388 3523 567 3613 politorum
586 3527 717 3589 nomina
739 3526 801 3590 sibi
815 3527 1029 3596 vindicabant.
1060 3528 1125 3593 At-

222 3629 288 3696 que
302 3607 423 3671 horum
438 3630 455 3670 e
469 3630 607 3671 numero
621 3630 725 3699 quum
732 3609 902 3695 Myconius
917 3632 1053 3709 quoque
1068 3630 1124 3676 cs-

198 3700 280 3766 ''set,
301 3711 340 3750 ex
361 3689 448 3752 hisce
462 3688 616 3763 sontibus,
635 3713 695 3754 nec
709 3714 776 3755 non
800 3715 837 3757 cx
850 3692 922 3779 ipso
944 3711 1123 3794 scripturae

219 3792 329 3835 samse
345 3772 497 3833 continuo
513 3793 572 3837 usu
584 3771 801 3836 derivandum
817 3798 985 3839 censemus
1001 3778 1124 3861 ingenii
1153 3832 1161 3843 .

219 3853 316 4000 animi
345 3875 385 4001 ule
399 3850 532 3936 culturis,
553 3878 620 3944 qno
642 3853 802 3921 inclaruit.
845 3856 1123 3949 Cf..,Autograpb.

144 3974 147 3979 ·
249 3956 300 4024 ap.
374 3980 384 3998 .
