2474 4552
123 257 129 265 .
310 255 311 264 η
768 239 773 267 i

175 281 229 358 ’40
531 378 533 383 A

73 428 77 434 “
156 425 232 482 ‘'tur
246 433 295 498 ea,
321 431 403 509 quae
419 403 668 482 Seckendorfius
689 413 723 480 in
747 406 1028 485 commentariide
1044 410 1170 481 Lethe·

108 502 110 509 ’
177 515 328 582 ranism'o
352 505 475 608 saepius
491 512 617 581 excitati
634 507 719 581 libro
738 512 764 581 l.
784 513 869 581 Sect.
893 512 952 583 ta.
975 512 1066 607 §pho
1090 512 1168 581 CX.

109 645 116 662 ψ
180 633 257 710 pag.
271 608 350 683 181.
366 636 408 681 ex
424 611 568 681 Archino
582 611 764 705 Vinariensi
778 612 878 707 (Regz
891 611 934 681 N.
946 605 1008 681 fot.
1021 613 1080 681 65.
1096 612 1168 681 Ne.

62 719 64 726 ’
181 711 257 798 16.)
278 705 318 780 ad
332 705 554 799 illustrandam
567 709 724 800 Myconii
743 729 774 779 et
795 706 1039 781 reformationis
1062 712 1169 782 histo-

180 813 267 883 riam
278 802 405 909 profert
414 812 466 880 hie
477 809 599 898 verbis:
624 808 862 907 „Anneeberga
882 808 955 881 urbs
972 836 991 879 a
1009 808 1166 908 Georgio

110 992 112 999 ,
182 910 298 996 „Duce
319 934 391 981 non
411 905 467 980 diu
487 928 561 981 ante
584 905 724 999 condita,
749 912 784 979 in
801 933 926 1007 magno
941 928 1028 995 tunc,
1053 909 1098 981 ob
1116 913 1168 979 rei

162 1006 387 1101 ,metallino
409 1004 598 1088 uberrimae
615 1027 808 1106 proventus,
833 1007 919 1081 fiere
938 1028 1013 1080 «erat
1020 1033 1031 1099 3
1071 1028 1166 1081 tanto

154 1133 155 1137 ’
182 1111 315 1206 „magis
342 1117 438 1182 curae
459 1103 522 1179 fuit
541 1110 692 1204 Principi,
715 1135 757 1179 ne
778 1110 911 1180 Lutheri
931 1104 1056 1205 dogma
1076 1112 1113 1206 in
1128 1135 1168 1180 ea

179 1202 243 1303 ΔΙ,·,(ο
254 1213 301 1302 ο.)
314 1225 557 1306 propagaretur.
583 1207 731 1279 Habebat
749 1226 856 1280 autem
875 1204 1167 1281 Electorvicinum

137 1342 142 1357 ·
180 1303 403 1408 „oppidulum
421 1305 605 1378 Buchholtz
624 1307 734 1406 ibique
747 1300 949 1406 praefectum
972 1302 1167 1391 fodinamm

154 1471 158 1480 .
182 1410 393 1500 „Mattheum
415 1409 608 1493 Buschium,
634 1407 850 1505 Evangeiieae
877 1404 1044 1481 doctrinae
1068 1407 1167 1479 valde

183 1502 408 1602 „studiosum3
435 1528 476 1580 eo
499 1532 622 1606 magno
642 1533 783 1579 numero
805 1509 1024 1578 excurrebant,
1037 1500 1167 1579 Annic-

24 1647 28 1660 ·
108 1686 113 1695 ,
182 1608 387 1704 „bergensem
437 1606 554 1680 Severe
574 1610 674 1704 igitur
699 1610 879 1699 injunctum
901 1623 985 1688 esta
1012 1610 1167 1706 Georgio

181 1707 373 1801 „omnibun
396 1725 431 1779 ut
446 1703 480 1777 id
493 1710 753 1778 intermitterent.
802 1702 840 1776 Id
861 1732 902 1779 ex
919 1709 1045 1779 Buschii
1065 1707 1168 1784 literis
1200 1710 1205 1717 ’

125 1827 128 1836 “
184 1821 321 1902 „mente
335 1805 422 1894 Julio
442 1806 546 1883 1524.
561 1802 600 1877 ad
609 1805 795 1895 Electorem
811 1803 933 1907 scriptis
946 1813 1168 1904 cognoscitur.
1223 1854 1227 1861 ,

184 1902 323 2000 „Refert
339 1902 534 1998 enim,jussu
548 1908 684 2003 Georgii
699 1932 803 2004 nuper
817 1909 1018 1979 monachum
1034 1926 1169 2006 captum
1215 1966 1217 1971 ⁴

46 2082 50 2087 ,
88 2043 91 2050 ,
185 2000 324 2099 „fuisse,
344 2009 400 2101 qui
417 2003 603 2102 praedicare
624 2004 951 2101 Annaebergensibus
976 2033 1068 2078 ausus
1088 2016 1184 2093 erat,x

36 2184 41 2194 ,
91 2105 108 2125 ”
155 2098 159 2107 ’
185 2102 379 2195 „liberatum
392 2122 588 2178 tamencum
602 2125 809 2203 cunipertum
826 2125 916 2198 esset,
942 2112 1067 2181 eumin
1082 2107 1167 2179 valle

220 2290 249 2357 (o
258 2287 295 2355 o.)
310 2287 404 2355 Quum
416 2287 491 2341 enim
504 2287 639 2356 janranno
657 2288 730 2341 1521.
744 2290 988 2342 Annaemontunes
999 2289 1088 2342 edicto
1101 2308 1167 2360 gra-

253 2357 279 2407 vi
292 2352 485 2426 prohibuisset,
500 2373 556 2427 quo
570 2357 661 2409 minus
675 2355 789 2410 Lutheri
810 2367 836 2408 et
850 2356 1044 2412 Carulostadtii
1065 2357 1167 2429 scripta

251 2424 383 2494 legerent,
398 2441 471 2483 anno
488 2429 552 2479 1523
569 2423 661 2478 denuo
676 2427 710 2477 iis
725 2426 876 2491 interdixit,
891 2444 926 2478 ne
941 2424 1083 2498 religionis
1099 2445 1166 2479 cnu-

252 2512 283 2545 ea
296 2491 506 2547 Buchhultzium
526 2503 716 2547 excurrerent.
749 2493 812 2562 Qua
832 2494 945 2565 quidem
969 2496 1003 2548 de
1018 2513 1051 2547 re
1067 2496 1165 2548 conie-

252 2576 358 2624 rantur
367 2580 405 2628 ea,
420 2580 488 2634 quae
501 2562 532 2614 in
543 2561 583 2615 M.
596 2562 733 2617 Friderici
747 2560 896 2617 Wilhelmi
908 2562 1040 2617 Koehleri
1057 2561 1167 2618 succin-

256 2645 299 2683 cta
315 2629 348 2684 de
365 2630 517 2685 emendatis
529 2628 704 2685 Buchhoitzii
724 2628 807 2684 saeris
826 2633 987 2687 narratione
1009 2632 1166 2701 germirnice

254 2698 418 2754 Ciremnitzii
434 2704 507 2771 1781.
520 2695 653 2755 sumtibus
665 2699 972 2755 Stoesseliiilaeredum
986 2716 1011 2754 et
1020 2701 1166 2755 Putseheri

252 2768 325 2838 typis
348 2767 496 2839 exscripta,
535 2772 604 2838 agufi
623 2767 661 2840 sq.
682 2768 824 2838 leguntur3
866 2770 945 2824 uibus
960 2768 1025 2821 addi
1043 2768 1166 2840 possunt,

255 2847 325 2905 quur
339 2786 552 2888 Seckenduriiirs
573 2837 591 2888 l.
606 2855 628 2889 c.
644 2841 716 2907 (pag.
739 2839 794 2890 181.
818 2789 867 2889 {uir
888 2837 982 2907 finem)
999 2854 1110 2909 praeter
1127 2859 1165 2905 eu,

157 2962 160 2967 Ι
257 2921 325 2973 qnae
339 2919 422 2975 supra
437 2906 491 2970 jam
507 2905 690 2971 excitavimus,
706 2925 738 2976 en
750 2901 862 2960 Buschii
876 2905 965 2960 adhuc
983 2906 1069 2961 literis
1085 2927 1166 2962 eom-

213 2980 216 2987 “
255 2984 401 3037 memorat,
420 2968 463 3024 his
480 2971 587 3025 verbis:
635 2978 638 2983 '
989 2981 991 2985 '
1205 3032 1210 3041 p

253 3045 256 3051 ”
287 3040 441 3111 Georgium
453 3040 569 3106 Ducem,
585 3050 617 3093 ut
630 3039 875 3110 Annaebergenses
890 3042 924 3094 ab
939 3043 1101 3096 excursione
1115 3064 1166 3097 aru

202 3107 204 3113 ’
287 3117 370 3176 ceret,
385 3107 553 3162 monachum
568 3126 658 3180 nuper
673 3111 770 3178 (1524.)
791 3106 944 3176 advoiasse,
959 3113 1006 3183 qni
1021 3113 1166 3183 Evangeli-

289 3195 350 3230 carn
370 3177 527 3232 doctrinam
540 3176 574 3231 ab
594 3178 674 3230 initio
695 3175 885 3250 proposuisset
906 3197 1007 3250 magno
1030 3198 1093 3233 cum
1114 3201 1167 3253 ap-

308 3246 393 3307 lanen,
409 3243 458 3302 sed
471 3264 535 3300 curn
545 3263 605 3299 non
618 3245 705 3299 multo
719 3261 783 3318 post
797 3247 1092 3318 pmvaimmisruisser
1105 3250 1165 3318 (ha-

283 3264 323 3366 ffie
338 3314 636 3385 Gittspu1·enlassen,)
654 3315 688 3369 de
709 3312 1050 3370 rehensarnessesruirdem
1066 3321 1164 3376 univi-

262 3417 266 3427 ι
285 3382 338 3435 hus
355 3386 410 3451 jam
421 3401 480 3436 non
492 3384 638 3459 imperitis.
706 3400 852 3439 enovutum
866 3400 959 3439 tamen
974 3387 1000 3438 d.
1015 3389 1056 3440 26.
1070 3387 1137 3442 Jntii
1149 3408 1166 3442 u

288 3452 412 3520 Georgio
428 3452 608 3506 interdictum
623 3449 746 3517 fuissent
761 3454 929 3520 mandatum,
936 3467 966 3508 ut
975 3455 1004 3521 ii,
1020 3458 1067 3537 qui
1084 3448 1166 3527 posi-

286 3517 338 3572 hac
363 3536 556 3587 ‹exentererenn
573 3524 603 3573 in
624 3521 733 3575 vincula
751 3523 956 3576 coniicerentur
978 3533 1005 3576 et
1023 3543 1054 3577 rn
1073 3543 1177 3579 arcem·

285 3585 487 3658 Schellenberg,
504 3606 661 3660 quaenunt:
675 3590 922 3662 Augustoimrgum
939 3608 956 3644 ι
977 3593 1092 3645 nomine
1106 3596 1167 3647 Au-

285 3655 359 3723 gusti
372 3655 516 3721 Electorie,
530 3658 596 3710 novi
607 3659 700 3729 palatii
712 3658 881 3726 conditoria,
898 3670 1028 3726 vocatur,
1045 3662 1168 3719 abdunt·-

284 3736 392 3778 rentur.
415 3723 501 3776 Paulo
514 3734 580 3794 post
594 3727 623 3779 in
635 3727 770 3797 legatione
783 3729 907 3798 Georgii,
924 3728 959 3781 de
973 3749 1027 3801 qna
1040 3731 1105 3784 alibi
1121 3733 1168 3784 di-

290 3810 358 3857 cum,
372 3809 468 3846 mense
482 3793 607 3862 Angusto
621 3796 656 3848 ad
669 3797 827 3850 Electorem
840 3807 867 3849 et
880 3798 996 3850 fratrem
1009 3798 1098 3861 missu,
1115 3821 1166 3854 ux-

288 3860 458 3931 poetulatum
472 3863 554 3917 etiarn
571 3871 612 3915 est
627 3862 660 3916 de
676 3864 785 3937 duobus
797 3865 941 3920 monachis
963 3868 993 3919 in
1006 3867 1170 3937 Buclrhoitz,

288 3945 410 4002 quorum
423 3929 491 3990 alter
506 3933 643 4003 virginem
656 3936 837 3992 monasticam
857 3931 982 3998 duxisset.
1032 3951 1033 3954 ’
