2474 4552
119 318 193 395 tto

117 450 179 525 nisi
196 435 346 541 epistolas
362 437 550 520 exaraverit,
570 429 612 504 de
629 432 744 532 quibus
759 428 957 532 optandum,
984 456 1025 509 ut
1039 464 1115 515 cum

118 546 251 644 reliquis
272 544 337 632 ejus
360 540 483 635 scriptis
506 554 633 606 etcum
656 532 808 633 epistolis
823 536 1115 641 rariorum'adip.

285 700 289 719 l

188 755 290 827 pignus
304 749 435 820 spiritns,
452 746 528 800 uode
540 743 656 807 novitas,
671 742 747 798 node
769 743 846 815 qamd
860 760 920 799 non
931 747 1122 820 imputantur,

187 841 240 877 neo
251 819 439 874 condemnant
451 815 582 887 reliquiae
595 815 698 884 peccati
713 814 833 869 incarne
844 828 1036 883 remanentes,
1062 841 1112 875 uae

190 894 222 945 in
241 897 334 945 mente
352 886 507 942 abolentur.
532 882 627 953 Neque
639 898 696 938 tam
716 882 788 935 clare
806 881 973 951 docuerunt,
990 839 1063 959 quid
1077 891 1113 947 sit

188 958 240 1023 lex,
252 956 328 1029 qnod
340 957 397 1038 ejus
412 950 546 1016 officinm,
561 951 621 1021 quis
636 953 694 1003 e'us
707 968 789 1013 usus:
813 950 890 1020 Quid
903 970 1008 1007 rursus
1017 956 1110 1023 Euan.
1142 968 1149 979 “

192 1024 381 1099 gelium,qu1d
392 1018 629 1105 orontissi‹›,quid
642 971 719 1073 iides.
745 1019 950 1089 Sedtenehrae
962 1035 1120 1083 suntom.·

192 1099 251 1149 nia:
267 1094 332 1166 quia
345 1091 502 1145 Articulum
515 1088 549 1141 de
561 1087 754 1157 justificatione
765 1106 817 1171 per
830 1088 920 1147 solam
940 1086 1035 1148 fidem
1050 1113 1110 1151 non

192 1167 274 1237 plene
284 1162 395 1215 tradere
407 1165 566 1281 foenerant
594 1155 718 1231 Invenies
742 1168 825 1213 etiam
833 1159 883 1238 hic
903 1170 1038 1216 ostensas
1053 1165 1110 1220 illas

192 1234 283 1289 ultimi
297 1229 379 1284 senili
391 1247 411 1281 u
422 1229 502 1296 times
512 1224 655 1279 tenebras:
675 1224 813 1296 Spiritum
831 1226 910 1281 allum
931 1226 1110 1290 homicidam

197 1318 223 1356 et
238 1299 408 1363 mendacem,
421 1299 469 1369 qui
482 1312 542 1347 non
554 1311 710 1367 corporum
723 1294 818 1359 modo,
833 1294 982 1355 sedetiam
998 1304 1110 1357 arrima-

192 1387 259 1424 rum
277 1369 370 1431 eitam,
386 1367 403 1418 i.
417 1364 595 1419 asinitatem
615 1371 642 1416 et
659 1362 712 1418 Del
730 1363 923 1435 ‘cognitionem
943 1382 1000 1437 per
1023 1368 1109 1427 Chri.

192 1449 268 1491 stom
287 1436 428 1498 exstinxit,
446 1431 570 1503 sepelivit
591 1440 618 1483 et
634 1432 804 1502 profligarit,
818 1432 881 1504 plus
899 1452 987 1505 quam
1009 1448 1109 1495 omnes

190 1504 322 1561 tenebrae
335 1503 534 1573 Aegyptiorum
546 1498 636 1552 facere
655 1509 809 1571 potuerunt
821 1528 850 1545 -
864 1501 1040 1561 Doctrinam
1053 1511 1111 1563 sci-

193 1576 258 1629 licet
279 1570 474 1692 sophistarum
495 1570 529 1621 de
550 1569 651 1637 jautitia
669 1568 751 1691 legis,
775 1572 899 1651 potentia
919 1569 1005 1629 liberi
1027 1576 1110 1636 achi..

194 1646 250 1711 arii,
268 1642 302 1694 de
328 1639 443 1694 oriendo
476 1638 616 1691 insidiose
631 1646 678 1704 est,
716 1654 835 1709 eprrma
852 1641 951 1706 gratio,
966 1640 1110 1701 demea-i.

193 1725 224 1766 to
237 1709 351 1777 conserui
365 1718 391 1761 et
405 1658 549 1775 condigni:
564 1707 599 1759 de
614 1704 669 1759 lide
682 1704 793 1760 formali
807 1720 833 1760 et
840 1712 979 1777 portentis
990 1712 1059 1781 illis,
1077 1734 1110 1771 ac

193 1778 345 1835 horrendis
365 1775 512 1831 ululatibus
533 1775 692 1829 Lamiarum
708 1774 894 1841 infernalium,
907 1777 1110 1857 Scotismrum,

194 1848 415 1912 Thomistarum,
431 1845 653 1911 Alhertistarum,
669 1843 898 1915 Occamistarum,
913 1865 1045 1920 quorum
1057 1862 1109 1905 so.

190 1935 244 1970 nos
256 1935 288 1971 ac
301 1933 383 1970 voces
399 1914 445 1968 vix
462 1912 560 1985 aliquis
581 1926 638 1967 tota
652 1913 706 1965 rita
726 1913 840 1980 discere,
856 1922 883 1969 et
896 1915 1039 1986 quidnam
1047 1918 1110 1975 'wl-

192 1986 319 2039 lenttam
337 1984 524 2055 praestigiosis
545 1980 683 2035 vocabulis
702 1976 865 2104 significare,
881 1982 1044 2057 intelligere
1076 2012 1108 2046 o-

192 2057 256 2106 luit.
283 2052 405 2124 Oportet
416 2070 460 2103 ine
475 2052 564 2121 ipsum
576 2048 725 2105 corthterii
761 2050 837 2122 quod
848 2064 947 2107 verum
961 2066 1014 2111 est.
1046 2011 1106 2130 ligo

152 2120 155 2129 ’
191 2140 292 2192 penea
325 2123 757 2173 uerosumversatnsineorum
771 2117 882 2187 scholis,
899 2135 926 2175 et
942 2124 1045 2180 inillis
1059 2150 1109 2184 su..

191 2208 244 2260 pra
256 2140 358 2241 multos
374 2201 536 2240 coaetaneos
548 2206 623 2240 ineos
648 2188 757 2250 ›rol'oci5
774 2206 871 2243 rernm
889 2200 1023 2265 comperi
1043 2207 1108 2253 tan.

194 2257 266 2321 dem,
286 2255 390 2308 facilins
405 2268 431 2308 et
445 2254 578 2308 illustrius
591 2256 620 2307 in
631 2205 685 2307 doc
699 2274 785 2327 parvo
801 2256 892 2313 libello
905 2260 1058 2320 mendacia
1069 2268 1105 2321 il-

192 2324 226 2391 la,
234 2322 350 2396 quirilli
361 2338 414 2394 pro
423 2324 522 2394 primis
536 2323 626 2394 princi
639 2324 681 2376 ›iis
690 2339 716 2379 et
732 2326 949 2387 demonstrative
961 2335 1040 2387 reris
1056 2334 1108 2391 lm.

191 2393 320 2458 buerunt,
329 2410 359 2446 ac
366 2392 439 2446 velut
446 2391 536 2446 divina
543 2342 853 2461 (iraculaadorarernot,
864 2403 992 2469 proponi
1002 2417 1031 2457 et
1037 2422 1107 2459 nar.

188 2481 235 2517 sus
246 2462 391 2526 confmari,
418 2480 483 2515 uam
492 2479 625 2515 eaornnes
633 2479 730 2516 rorum
741 2458 804 2517 libri
814 2465 1107 2543 subtiles,Seraphici,'

190 2532 290 2597 saneti,
306 2544 332 2585 et
345 2480 548 2601 irrehagahiles
570 2545 740 2603 proponunt.
775 2533 889 2587 Etiamsi
906 2530 981 2605 legas
1003 2550 1105 2597 omnes

78 2658 81 2663 ,
189 2602 300 2666 Scotos,
322 2599 501 2663 Alexandros,
516 2599 730 2665 Bonerentnras,
754 2599 885 2665 Thomas,
909 2613 937 2657 et
958 2620 1105 2667 trecentos

124 2667 127 2673 ’
191 2670 254 2723 illos
270 2674 421 2742 scriptores
436 2668 559 2722 inlibros
569 2669 782 2723 sententiarum:
800 2669 900 2725 deinde
912 2674 1105 2753 sontes,ahys-

190 2757 245 2803 sos,
263 2753 289 2792 et
301 2738 554 2809 maguaillamaria,
567 2737 788 2791 Dreelietum
803 2739 1103 2860 PapaeDrcelre.

190 2807 283 2860 tales
302 2821 328 2860 et
341 2809 487 2875 magistros
501 2809 688 2869 Surnmarum,
706 2808 834 2874 Angelos,
867 2810 1028 2882 lostienses,
1043 2822 1103 2871 Ar.

188 2886 309 2941 taxaraos,
326 2875 454 2940 llassellss,
473 2887 499 2927 et
512 2875 630 2946 reliquas
646 2874 725 2928 haras
746 2878 888 2929 immundi
897 2883 1013 2949 asecoris
1029 2904 1102 2956 cora-
1137 2908 1142 2917 ·

189 2945 322 2996 sulueris:
347 2946 436 3006 citius,
460 2945 585 3014 inquens,
606 2962 637 2996 es
658 2942 712 2996 hoc
732 2945 845 3016 partulo
865 2946 956 3000 lihello
979 2952 1100 3011 Lntlreri

184 3013 331 3081 intelliges,
347 3013 418 3084 qnid
434 3013 527 3065 (licere
544 3011 692 3075 voluerint,
710 3013 777 3083 quiid
796 3014 949 3083 senseram,
970 3040 1059 3091 quam
1077 3029 1101 3081 si
1135 3080 1138 3085 ,

185 3094 277 3135 totam
297 3096 373 3135 tuam
393 3083 474 3134 sitam
492 3080 520 3132 in
544 3080 593 3132 illis
616 3081 747 3149 legendis,
764 3082 924 3151 relebmndis,
943 3102 969 3140 et
990 3107 1024 3144 ex
1063 3110 1101 3145 n.

115 3150 119 3157 ”
182 3149 428 3204 ’ἆεηάἰείηειιιῃοη.
458 3148 584 3200 (troium
607 3167 702 3202 coram
713 3151 803 3204 ,oculis
817 3154 872 3205 tuis
884 3154 912 3205 in
931 3154 1019 3212 hoc-li
1043 3164 1098 3216 ello

186 3236 216 3269 se
229 3223 332 3272 iterum
351 3219 424 3271 velut
446 3218 474 3269 in
487 3230 580 3270 monte
599 3217 713 3271 Thabor
733 3218 964 3291 trans.s1gnrat,et
983 3226 1017 3281 fit
1056 3234 1097 3285 'us

186 3285 277 3353 facies,
291 3291 383 3349 restis,
400 3304 458 3347 cor,
478 3285 591 3339 afferma
612 3287 669 3340 imo
685 3288 743 3358 ipse
761 3302 837 3343 totns
858 3308 955 3345 corum
972 3303 999 3349 tc
1022 3248 1099 3354 rhhn

186 3356 230 3409 sol
243 3356 412 3428 splendidus,
429 3355 548 3418 illustris,
566 3355 714 3425 gloriosus:
734 3370 760 3411 et
777 3357 861 3422 vides,
898 3378 961 3416 uam
976 3366 1098 3436 pulchre

187 3440 250 3478 curn
265 3445 297 3477 eo
309 3426 504 3497 colloquuntur
517 3424 606 3477 Moses
621 3437 647 3477 et
659 3424 762 3491 Helias,
776 3424 832 3480 Lex
847 3441 874 3481 et
912 3431 1050 3502 rophetae
1062 3437 1098 3493 de

183 3492 257 3545 nulla
274 3494 324 3547 alia
335 3513 377 3558 re,
391 3512 474 3566 «faram
483 3493 517 3546 de
531 3491 669 3547 excellenti
684 3511 769 3566 opere
777 3495 959 3552 restitutionis
972 3518 1098 3576 nostrae,

183 3561 356 3618 remissionis
368 3577 554 3633 peccatorum,
573 3561 712 3633 solatione
733 3562 901 3627 debitorum,
918 3568 1095 3629 interfectio-

183 3645 219 3680 ne
233 3632 342 3694 mortis,
358 3640 384 3682 et
396 3633 601 3683 resurrectione
615 3648 646 3682 ac
665 3633 831 3699 ascensione,
849 3637 984 3692 missione
998 3641 1095 3714 spiri.

182 3710 225 3750 tus
241 3700 335 3762 sancti,
352 3701 497 3751 roratione
530 3700 643 3764 entium,
661 3714 687 3753 et
698 3706 874 3755 restitutione
888 3706 1094 3767 unirersorum:

181 3765 262 3835 quaid
274 3766 336 3822 fecit
351 3767 379 3818 in
397 3715 578 3832 ilisa-asaiam,
597 3778 624 3820 et
642 3768 742 3822 deinde
757 3786 808 3840 per
829 3770 928 3826 orhem
941 3785 1093 3846 terrarum,

180 3849 267 3904 iisqne
287 3834 422 3887 adfinem
441 3834 606 3889 seculorum.
630 3837 686 3909 Qui
699 3836 765 3897 haec
777 3838 861 3903 audit,
881 3840 1026 3901 Christum
1040 3850 1093 3903 au'.

181 3900 238 3952 dit:
256 3904 303 3974 qrri
317 3902 574 3958 hoc'testimonium
588 3907 695 3979 accipit,
713 3912 769 3959 acci
792 3908 812 3960 it
825 3913 1094 3989 testimoniomspi.
1137 3946 1141 3953 ·

176 3968 247 4023 ritus
260 3972 346 4027 sancti
354 3980 380 4027 et
387 3972 602 4045 discipulorum:
617 3975 749 4045 quoniam
763 3924 801 4030 ihi
817 3980 1007 4037 testimonium
1021 3988 1094 4058 p'er.
