<?xml version="1.0" encoding="UTF-8"?>
<!DOCTYPE html PUBLIC "-//W3C//DTD XHTML 1.0 Transitional//EN"
    "http://www.w3.org/TR/xhtml1/DTD/xhtml1-transitional.dtd">
<html xmlns="http://www.w3.org/1999/xhtml" xml:lang="en" lang="en">
 <head>
  <title>
</title>
<meta http-equiv="Content-Type" content="text/html;charset=utf-8" />
  <meta name='ocr-system' content='tesseract 3.04.00' />
  <meta name='ocr-capabilities' content='ocr_page ocr_carea ocr_par ocr_line ocrx_word'/>
</head>
<body>
  <div class='ocr_page' id='page_1' title='image "./narratiodefride00lommgoog_0081.png"; bbox 0 0 2474 4552; ppageno 0'>
   <div class='ocr_carea' id='block_1_1' title="bbox 188 283 1166 609">
    <p class='ocr_par' dir='ltr' id='par_1_1' title="bbox 188 283 1166 609">
     <span class='ocr_line' id='line_1_1' title="bbox 192 283 241 355; baseline -0.02 0"><span class='ocrx_word' id='word_1_1' title='bbox 192 283 241 355; x_wconf 79' lang='lat'><strong>60</strong></span> 
     </span>
     <span class='ocr_line' id='line_1_2' title="bbox 258 405 1166 510; baseline 0.001 -29"><span class='ocrx_word' id='word_1_2' title='bbox 258 466 263 481; x_wconf 85' lang='lat'>.</span> <span class='ocrx_word' id='word_1_3' title='bbox 288 413 425 483; x_wconf 86' lang='lat' dir='ltr'><strong>Rueerus</strong></span> <span class='ocrx_word' id='word_1_4' title='bbox 444 409 583 510; x_wconf 78' lang='lat' dir='ltr'>prolixe,</span> <span class='ocrx_word' id='word_1_5' title='bbox 604 405 659 483; x_wconf 85' lang='lat' dir='ltr'><strong>sed</strong></span> <span class='ocrx_word' id='word_1_6' title='bbox 676 405 813 487; x_wconf 84' lang='lat' dir='ltr'><strong>confuse</strong></span> <span class='ocrx_word' id='word_1_7' title='bbox 828 413 900 483; x_wconf 84' lang='lat' dir='ltr'><strong>satis</strong></span> <span class='ocrx_word' id='word_1_8' title='bbox 916 413 966 504; x_wconf 86' lang='lat' dir='ltr'><strong>(ut</strong></span> <span class='ocrx_word' id='word_1_9' title='bbox 985 409 1166 482; x_wconf 88' lang='lat' dir='ltr'><strong>vehemen-</strong></span> 
     </span>
     <span class='ocr_line' id='line_1_3' title="bbox 188 506 1163 609; baseline -0.004 -23"><span class='ocrx_word' id='word_1_10' title='bbox 188 532 239 586; x_wconf 87' lang='lat' dir='ltr'><strong>ter</strong></span> <span class='ocrx_word' id='word_1_11' title='bbox 258 513 319 582; x_wconf 90' lang='lat' dir='ltr'><strong>hae</strong></span> <span class='ocrx_word' id='word_1_12' title='bbox 339 515 486 594; x_wconf 78' lang='lat' dir='ltr'><strong>oratione</strong></span> <span class='ocrx_word' id='word_1_13' title='bbox 507 511 661 605; x_wconf 87' lang='lat' dir='ltr'><strong>turbatus)</strong></span> <span class='ocrx_word' id='word_1_14' title='bbox 680 515 824 608; x_wconf 89' lang='lat' dir='ltr'><strong>primum</strong></span> <span class='ocrx_word' id='word_1_15' title='bbox 837 506 1027 609; x_wconf 89' lang='lat' dir='ltr'><strong>persuadere</strong></span> <span class='ocrx_word' id='word_1_16' title='bbox 1044 510 1163 597; x_wconf 85' lang='lat' dir='ltr'><strong>voluit,</strong></span> 
     </span>
    </p>
   </div>
   <div class='ocr_carea' id='block_1_2' title="bbox 87 601 1165 708">
    <p class='ocr_par' dir='ltr' id='par_1_2' title="bbox 87 601 1165 708">
     <span class='ocr_line' id='line_1_4' title="bbox 87 601 1165 708; baseline -0.003 -24"><span class='ocrx_word' id='word_1_17' title='bbox 87 645 90 653; x_wconf 90' lang='lat'>·</span> <span class='ocrx_word' id='word_1_18' title='bbox 189 601 1165 708; x_wconf 84' lang='lat' dir='ltr'><strong>nihilhicmiuusquarnfuctrrnadesse,cumetcorarnmagi·</strong></span> 
     </span>
    </p>
   </div>
   <div class='ocr_carea' id='block_1_3' title="bbox 166 704 1165 1107">
    <p class='ocr_par' dir='ltr' id='par_1_3' title="bbox 166 704 1165 1107">
     <span class='ocr_line' id='line_1_5' title="bbox 166 704 1163 809; baseline -0.004 -25"><span class='ocrx_word' id='word_1_19' title='bbox 166 704 341 795; x_wconf 76' lang='lat' dir='ltr'><strong>stratibus,</strong></span> <span class='ocrx_word' id='word_1_20' title='bbox 362 716 500 809; x_wconf 87' lang='lat' dir='ltr'><strong>totisque</strong></span> <span class='ocrx_word' id='word_1_21' title='bbox 513 710 656 783; x_wconf 87' lang='lat' dir='ltr'><strong>ecelesiis</strong></span> <span class='ocrx_word' id='word_1_22' title='bbox 673 738 710 781; x_wconf 86' lang='lat' dir='ltr'><strong>ac</strong></span> <span class='ocrx_word' id='word_1_23' title='bbox 726 713 821 782; x_wconf 86' lang='lat' dir='ltr'><strong>etiarn</strong></span> <span class='ocrx_word' id='word_1_24' title='bbox 834 715 868 782; x_wconf 88' lang='lat' dir='ltr'><strong>in</strong></span> <span class='ocrx_word' id='word_1_25' title='bbox 881 709 1027 783; x_wconf 90' lang='lat' dir='ltr'><strong>conciliis</strong></span> <span class='ocrx_word' id='word_1_26' title='bbox 1040 716 1163 808; x_wconf 88' lang='lat' dir='ltr'><strong>superi·</strong></span> 
     </span>
     <span class='ocr_line' id='line_1_6' title="bbox 187 805 1165 897; baseline 0 -14"><span class='ocrx_word' id='word_1_27' title='bbox 187 815 251 884; x_wconf 87' lang='lat' dir='ltr'><strong>oris</strong></span> <span class='ocrx_word' id='word_1_28' title='bbox 265 813 467 897; x_wconf 75' lang='lat' dir='ltr'><strong>Germaniae,</strong></span> <span class='ocrx_word' id='word_1_29' title='bbox 476 810 649 883; x_wconf 89' lang='lat' dir='ltr'><strong>doctorum</strong></span> <span class='ocrx_word' id='word_1_30' title='bbox 664 812 873 882; x_wconf 88' lang='lat' dir='ltr'><strong>conventibus</strong></span> <span class='ocrx_word' id='word_1_31' title='bbox 885 814 969 890; x_wconf 86' lang='lat' dir='ltr'><strong>hanc</strong></span> <span class='ocrx_word' id='word_1_32' title='bbox 984 835 1074 880; x_wconf 84' lang='lat' dir='ltr'><strong>suam</strong></span> <span class='ocrx_word' id='word_1_33' title='bbox 1090 805 1165 882; x_wconf 53' lang='lat' dir='ltr'><strong>sen!</strong></span> 
     </span>
     <span class='ocr_line' id='line_1_7' title="bbox 185 904 1161 1006; baseline 0 -25"><span class='ocrx_word' id='word_1_34' title='bbox 185 915 318 982; x_wconf 85' lang='lat' dir='ltr'><strong>tentiam</strong></span> <span class='ocrx_word' id='word_1_35' title='bbox 337 915 437 981; x_wconf 87' lang='lat' dir='ltr'><strong>testati</strong></span> <span class='ocrx_word' id='word_1_36' title='bbox 457 906 571 982; x_wconf 73' lang='lat' dir='ltr'><strong>sint&#39;et</strong></span> <span class='ocrx_word' id='word_1_37' title='bbox 591 929 748 982; x_wconf 81' lang='lat' dir='ltr'><strong>testentur</strong></span> <span class='ocrx_word' id='word_1_38' title='bbox 767 937 860 999; x_wconf 84' lang='lat' dir='ltr'><strong>voce,</strong></span> <span class='ocrx_word' id='word_1_39' title='bbox 882 910 1001 993; x_wconf 88' lang='lat' dir='ltr'><strong>verbo,</strong></span> <span class='ocrx_word' id='word_1_40' title='bbox 1026 904 1161 1006; x_wconf 85' lang='lat' dir='ltr'><strong>scripte,</strong></span> 
     </span>
     <span class='ocr_line' id='line_1_8' title="bbox 183 1009 1161 1107; baseline -0.002 -26"><span class='ocrx_word' id='word_1_41' title='bbox 183 1009 271 1082; x_wconf 89' lang='lat' dir='ltr'><strong>libris</strong></span> <span class='ocrx_word' id='word_1_42' title='bbox 287 1028 318 1080; x_wconf 89' lang='lat' dir='ltr'><strong>et</strong></span> <span class='ocrx_word' id='word_1_43' title='bbox 333 1010 466 1106; x_wconf 79' lang='lat' dir='ltr'><strong>publicis</strong></span> <span class='ocrx_word' id='word_1_44' title='bbox 480 1012 702 1085; x_wconf 83' lang='lat' dir='ltr'><strong>concionibus.</strong></span> <span class='ocrx_word' id='word_1_45' title='bbox 738 1014 779 1081; x_wconf 85' lang='lat' dir='ltr'><strong>Et</strong></span> <span class='ocrx_word' id='word_1_46' title='bbox 795 1015 954 1081; x_wconf 84' lang='lat' dir='ltr'><strong>recensuit</strong></span> <span class='ocrx_word' id='word_1_47' title='bbox 968 1012 1161 1107; x_wconf 87' lang='lat' dir='ltr'><strong>quaeMun·</strong></span> 
     </span>
    </p>
   </div>
   <div class='ocr_carea' id='block_1_4' title="bbox 72 1110 1160 1209">
    <p class='ocr_par' dir='ltr' id='par_1_4' title="bbox 72 1110 1160 1209">
     <span class='ocr_line' id='line_1_9' title="bbox 72 1110 1160 1209; baseline -0.004 -26"><span class='ocrx_word' id='word_1_48' title='bbox 72 1138 81 1183; x_wconf 68' lang='lat'><strong>.‘</strong></span> <span class='ocrx_word' id='word_1_49' title='bbox 183 1110 381 1182; x_wconf 87' lang='lat' dir='ltr'><strong>sterensihus</strong></span> <span class='ocrx_word' id='word_1_50' title='bbox 404 1114 569 1209; x_wconf 82' lang='lat' dir='ltr'><strong>superiore</strong></span> <span class='ocrx_word' id='word_1_51' title='bbox 594 1137 694 1195; x_wconf 79' lang='lat' dir='ltr'><strong>antro,</strong></span> <span class='ocrx_word' id='word_1_52' title='bbox 720 1114 800 1181; x_wconf 88' lang='lat' dir='ltr'><strong>item</strong></span> <span class='ocrx_word' id='word_1_53' title='bbox 816 1111 1005 1183; x_wconf 85' lang='lat' dir='ltr'><strong>Abrincensi</strong></span> <span class='ocrx_word' id='word_1_54' title='bbox 1022 1113 1089 1180; x_wconf 91' lang='lat' dir='ltr'><strong>hoc</strong></span> <span class='ocrx_word' id='word_1_55' title='bbox 1103 1136 1160 1180; x_wconf 88' lang='lat' dir='ltr'><strong>an·</strong></span> 
     </span>
    </p>
   </div>
   <div class='ocr_carea' id='block_1_5' title="bbox 179 1203 1216 1511">
    <p class='ocr_par' dir='ltr' id='par_1_5' title="bbox 179 1203 1216 1511">
     <span class='ocr_line' id='line_1_10' title="bbox 180 1203 1158 1306; baseline 0 -26"><span class='ocrx_word' id='word_1_56' title='bbox 180 1237 226 1281; x_wconf 91' lang='lat' dir='ltr'><strong>no</strong></span> <span class='ocrx_word' id='word_1_57' title='bbox 247 1203 470 1306; x_wconf 86' lang='lat' dir='ltr'><strong>respondisset.</strong></span> <span class='ocrx_word' id='word_1_58' title='bbox 518 1207 698 1280; x_wconf 76' lang='lat' dir='ltr'><strong>Declaravit</strong></span> <span class='ocrx_word' id='word_1_59' title='bbox 719 1205 855 1305; x_wconf 82' lang='lat' dir='ltr'><strong>deinde,</strong></span> <span class='ocrx_word' id='word_1_60' title='bbox 879 1237 913 1281; x_wconf 90' lang='lat' dir='ltr'><strong>se</strong></span> <span class='ocrx_word' id='word_1_61' title='bbox 935 1213 1059 1295; x_wconf 80' lang='lat' dir='ltr'><strong>inscio,</strong></span> <span class='ocrx_word' id='word_1_62' title='bbox 1086 1215 1158 1280; x_wconf 92' lang='lat' dir='ltr'><strong>imo</strong></span> 
     </span>
     <span class='ocr_line' id='line_1_11' title="bbox 204 1306 1216 1411; baseline -0.002 -31"><span class='ocrx_word' id='word_1_63' title='bbox 204 1309 384 1392; x_wconf 83' lang='lat' dir='ltr'><strong>rohibeute‚</strong></span> <span class='ocrx_word' id='word_1_64' title='bbox 408 1306 617 1405; x_wconf 86' lang='lat' dir='ltr'><strong>epistolarum</strong></span> <span class='ocrx_word' id='word_1_65' title='bbox 631 1309 774 1408; x_wconf 87' lang='lat' dir='ltr'><strong>Zuinglii</strong></span> <span class='ocrx_word' id='word_1_66' title='bbox 791 1329 821 1380; x_wconf 91' lang='lat' dir='ltr'><strong>et</strong></span> <span class='ocrx_word' id='word_1_67' title='bbox 836 1306 1083 1410; x_wconf 84' lang='lat' dir='ltr'><strong>Oecolampadii</strong></span> <span class='ocrx_word' id='word_1_68' title='bbox 1100 1336 1158 1411; x_wconf 68' lang='lat' dir='ltr'><strong>vp-</strong></span> <span class='ocrx_word' id='word_1_69' title='bbox 1210 1324 1216 1332; x_wconf 92' lang='grc'><em>’</em></span> 
     </span>
     <span class='ocr_line' id='line_1_12' title="bbox 179 1337 1180 1511; baseline -0.002 -29"><span class='ocrx_word' id='word_1_70' title='bbox 179 1337 294 1483; x_wconf 80' lang='lat' dir='ltr'><strong>lumen</strong></span> <span class='ocrx_word' id='word_1_71' title='bbox 325 1406 511 1508; x_wconf 84' lang='lat' dir='ltr'><strong>uulgatum:</strong></span> <span class='ocrx_word' id='word_1_72' title='bbox 541 1433 647 1507; x_wconf 88' lang='lat' dir='ltr'><strong>neque</strong></span> <span class='ocrx_word' id='word_1_73' title='bbox 668 1406 720 1492; x_wconf 80' lang='lat' dir='ltr'><strong>id,</strong></span> <span class='ocrx_word' id='word_1_74' title='bbox 750 1407 841 1507; x_wconf 90' lang='lat' dir='ltr'><strong>quod</strong></span> <span class='ocrx_word' id='word_1_75' title='bbox 873 1405 1077 1511; x_wconf 84' lang='lat' dir='ltr'><strong>praefixisset</strong></span> <span class='ocrx_word' id='word_1_76' title='bbox 1106 1430 1180 1500; x_wconf 75' lang='lat' dir='ltr'><strong>ty·¹</strong></span> 
     </span>
    </p>
   </div>
   <div class='ocr_carea' id='block_1_6' title="bbox 156 1501 1156 1617">
    <p class='ocr_par' dir='ltr' id='par_1_6' title="bbox 156 1501 1156 1617">
     <span class='ocr_line' id='line_1_13' title="bbox 156 1501 1156 1617; baseline 0.001 -39"><span class='ocrx_word' id='word_1_77' title='bbox 156 1509 384 1617; x_wconf 55' lang='lat' dir='ltr'><strong>&#39;pographun</strong></span> <span class='ocrx_word' id='word_1_78' title='bbox 405 1502 640 1604; x_wconf 78' lang='lat' dir='ltr'><strong>praefationem</strong></span> <span class='ocrx_word' id='word_1_79' title='bbox 662 1501 739 1593; x_wconf 76' lang='lat' dir='ltr'><strong>esse,</strong></span> <span class='ocrx_word' id='word_1_80' title='bbox 763 1507 819 1580; x_wconf 88' lang='lat' dir='ltr'><strong>sed</strong></span> <span class='ocrx_word' id='word_1_81' title='bbox 842 1509 1024 1608; x_wconf 84' lang='lat' dir='ltr'><strong>epistolam,</strong></span> <span class='ocrx_word' id='word_1_82' title='bbox 1050 1508 1156 1605; x_wconf 79' lang='lat' dir='ltr'><strong>longe</strong></span> 
     </span>
    </p>
   </div>
   <div class='ocr_carea' id='block_1_7' title="bbox 176 1604 1155 1807">
    <p class='ocr_par' dir='ltr' id='par_1_7' title="bbox 176 1604 1155 1807">
     <span class='ocr_line' id='line_1_14' title="bbox 177 1604 1155 1706; baseline -0.002 -27"><span class='ocrx_word' id='word_1_83' title='bbox 177 1616 212 1679; x_wconf 94' lang='lat' dir='ltr'><strong>in</strong></span> <span class='ocrx_word' id='word_1_84' title='bbox 230 1605 316 1678; x_wconf 86' lang='lat' dir='ltr'><strong>aliud</strong></span> <span class='ocrx_word' id='word_1_85' title='bbox 338 1611 447 1704; x_wconf 90' lang='lat' dir='ltr'><strong>priore</strong></span> <span class='ocrx_word' id='word_1_86' title='bbox 468 1634 556 1679; x_wconf 87' lang='lat' dir='ltr'><strong>anuo</strong></span> <span class='ocrx_word' id='word_1_87' title='bbox 580 1604 620 1677; x_wconf 89' lang='lat' dir='ltr'><strong>ad</strong></span> <span class='ocrx_word' id='word_1_88' title='bbox 645 1607 802 1706; x_wconf 86' lang='lat' dir='ltr'><strong>quosdam</strong></span> <span class='ocrx_word' id='word_1_89' title='bbox 819 1605 977 1705; x_wconf 85' lang='lat' dir='ltr'><strong>scriptam,</strong></span> <span class='ocrx_word' id='word_1_90' title='bbox 1000 1611 1052 1679; x_wconf 91' lang='lat' dir='ltr'><strong>ubi</strong></span> <span class='ocrx_word' id='word_1_91' title='bbox 1071 1608 1155 1677; x_wconf 90' lang='lat' dir='ltr'><strong>nihil</strong></span> 
     </span>
     <span class='ocr_line' id='line_1_15' title="bbox 176 1704 1154 1807; baseline -0.003 -28"><span class='ocrx_word' id='word_1_92' title='bbox 176 1713 284 1779; x_wconf 89' lang='lat' dir='ltr'><strong>miuus</strong></span> <span class='ocrx_word' id='word_1_93' title='bbox 304 1704 510 1794; x_wconf 79' lang='lat' dir='ltr'><strong>somniasset,</strong></span> <span class='ocrx_word' id='word_1_94' title='bbox 533 1734 629 1806; x_wconf 89' lang='lat' dir='ltr'><strong>quam</strong></span> <span class='ocrx_word' id='word_1_95' title='bbox 654 1706 742 1806; x_wconf 88' lang='lat' dir='ltr'><strong>quod</strong></span> <span class='ocrx_word' id='word_1_96' title='bbox 763 1735 905 1807; x_wconf 86' lang='lat' dir='ltr'><strong>unquam</strong></span> <span class='ocrx_word' id='word_1_97' title='bbox 918 1713 1013 1806; x_wconf 65' lang='lat' dir='ltr'><strong>,typis</strong></span> <span class='ocrx_word' id='word_1_98' title='bbox 1034 1706 1154 1780; x_wconf 81' lang='lat' dir='ltr'><strong>excudi</strong></span> 
     </span>
    </p>
   </div>
   <div class='ocr_carea' id='block_1_8' title="bbox 83 1804 1153 1906">
    <p class='ocr_par' dir='ltr' id='par_1_8' title="bbox 83 1804 1153 1906">
     <span class='ocr_line' id='line_1_16' title="bbox 83 1804 1153 1906; baseline -0.002 -27"><span class='ocrx_word' id='word_1_99' title='bbox 83 1807 85 1814; x_wconf 74' lang='grc'><strong>’</strong></span> <span class='ocrx_word' id='word_1_100' title='bbox 116 1880 119 1887; x_wconf 72' lang='grc'>,</span> <span class='ocrx_word' id='word_1_101' title='bbox 176 1828 208 1879; x_wconf 88' lang='lat' dir='ltr'><strong>et</strong></span> <span class='ocrx_word' id='word_1_102' title='bbox 226 1807 351 1906; x_wconf 82' lang='lat' dir='ltr'><strong>vulgari</strong></span> <span class='ocrx_word' id='word_1_103' title='bbox 374 1804 515 1894; x_wconf 83' lang='lat' dir='ltr'><strong>deberet,</strong></span> <span class='ocrx_word' id='word_1_104' title='bbox 541 1827 572 1878; x_wconf 91' lang='lat' dir='ltr'><strong>et</strong></span> <span class='ocrx_word' id='word_1_105' title='bbox 592 1812 718 1878; x_wconf 85' lang='lat' dir='ltr'><strong>retorsit</strong></span> <span class='ocrx_word' id='word_1_106' title='bbox 740 1829 805 1877; x_wconf 75' lang='lat' dir='ltr'><strong>tarn</strong></span> <span class='ocrx_word' id='word_1_107' title='bbox 830 1813 896 1906; x_wconf 83' lang='lat' dir='ltr'><strong>ipse</strong></span> <span class='ocrx_word' id='word_1_108' title='bbox 918 1835 1015 1906; x_wconf 76' lang='lat' dir='ltr'><strong>quarn</strong></span> <span class='ocrx_word' id='word_1_109' title='bbox 1032 1810 1153 1904; x_wconf 81' lang='lat' dir='ltr'><strong>Capito</strong></span> 
     </span>
    </p>
   </div>
   <div class='ocr_carea' id='block_1_9' title="bbox 176 1908 1154 2007">
    <p class='ocr_par' dir='ltr' id='par_1_9' title="bbox 176 1908 1154 2007">
     <span class='ocr_line' id='line_1_17' title="bbox 176 1908 1154 2007; baseline 0 -27"><span class='ocrx_word' id='word_1_110' title='bbox 176 1912 288 1980; x_wconf 90' lang='lat' dir='ltr'><strong>omnia</strong></span> <span class='ocrx_word' id='word_1_111' title='bbox 306 1911 340 1977; x_wconf 90' lang='lat' dir='ltr'><strong>in</strong></span> <span class='ocrx_word' id='word_1_112' title='bbox 355 1908 640 2007; x_wconf 81' lang='lat' dir='ltr'><strong>typographorum</strong></span> <span class='ocrx_word' id='word_1_113' title='bbox 659 1913 823 1979; x_wconf 84' lang='lat' dir='ltr'><strong>avaritiam</strong></span> <span class='ocrx_word' id='word_1_114' title='bbox 843 1929 873 1979; x_wconf 93' lang='lat' dir='ltr'><strong>et</strong></span> <span class='ocrx_word' id='word_1_115' title='bbox 896 1909 1154 2007; x_wconf 82' lang='lat' dir='ltr'><strong>improbitatem.</strong></span> 
     </span>
    </p>
   </div>
   <div class='ocr_carea' id='block_1_10' title="bbox 259 2119 1213 2225">
    <p class='ocr_par' dir='ltr' id='par_1_10' title="bbox 259 2119 1213 2225">
     <span class='ocr_line' id='line_1_18' title="bbox 259 2119 1213 2225; baseline 0.008 -34"><span class='ocrx_word' id='word_1_116' title='bbox 259 2123 429 2193; x_wconf 85' lang='lat' dir='ltr'><strong>¹Lutherus</strong></span> <span class='ocrx_word' id='word_1_117' title='bbox 448 2125 564 2192; x_wconf 91' lang='lat' dir='ltr'><strong>iterum</strong></span> <span class='ocrx_word' id='word_1_118' title='bbox 582 2146 644 2218; x_wconf 88' lang='lat' dir='ltr'><strong>pro</strong></span> <span class='ocrx_word' id='word_1_119' title='bbox 667 2147 725 2191; x_wconf 90' lang='lat' dir='ltr'><strong>suo</strong></span> <span class='ocrx_word' id='word_1_120' title='bbox 748 2147 841 2207; x_wconf 85' lang='lat' dir='ltr'><strong>mure</strong></span> <span class='ocrx_word' id='word_1_121' title='bbox 858 2119 1007 2197; x_wconf 88' lang='lat' dir='ltr'><strong>ardenter·</strong></span> <span class='ocrx_word' id='word_1_122' title='bbox 1027 2133 1150 2225; x_wconf 76' lang='lat' dir='ltr'><strong>exegit,</strong></span> <span class='ocrx_word' id='word_1_123' title='bbox 1209 2130 1213 2137; x_wconf 79' lang='grc'><strong>’</strong></span> 
     </span>
    </p>
   </div>
   <div class='ocr_carea' id='block_1_11' title="bbox 125 2218 1151 2305">
    <p class='ocr_par' dir='ltr' id='par_1_11' title="bbox 125 2218 1151 2305">
     <span class='ocr_line' id='line_1_19' title="bbox 125 2218 1151 2305; baseline 0.005 -11"><span class='ocrx_word' id='word_1_124' title='bbox 125 2269 127 2273; x_wconf 32' lang='grc' dir='ltr'><em>ν</em></span> <span class='ocrx_word' id='word_1_125' title='bbox 174 2244 206 2294; x_wconf 89' lang='lat' dir='ltr'><strong>ut</strong></span> <span class='ocrx_word' id='word_1_126' title='bbox 221 2225 430 2293; x_wconf 73' lang='lat' dir='ltr'><strong>onmitro&#39;aut</strong></span> <span class='ocrx_word' id='word_1_127' title='bbox 445 2218 559 2305; x_wconf 77' lang='lat' dir='ltr'><strong>solida,</strong></span> <span class='ocrx_word' id='word_1_128' title='bbox 579 2241 631 2291; x_wconf 85' lang='lat' dir='ltr'><strong>nut</strong></span> <span class='ocrx_word' id='word_1_129' title='bbox 649 2219 736 2291; x_wconf 87' lang='lat' dir='ltr'><strong>nulla</strong></span> <span class='ocrx_word' id='word_1_130' title='bbox 754 2221 841 2294; x_wconf 84' lang='lat' dir='ltr'><strong>lieret</strong></span> <span class='ocrx_word' id='word_1_131' title='bbox 858 2222 1044 2296; x_wconf 84' lang='lat' dir='ltr'><strong>concordia.</strong></span> <span class='ocrx_word' id='word_1_132' title='bbox 1095 2229 1151 2299; x_wconf 80' lang='lat' dir='ltr'><strong>hd</strong></span> 
     </span>
    </p>
   </div>
   <div class='ocr_carea' id='block_1_12' title="bbox 166 2316 1190 3026">
    <p class='ocr_par' dir='ltr' id='par_1_12' title="bbox 166 2316 1190 3026">
     <span class='ocr_line' id='line_1_20' title="bbox 173 2316 1178 2422; baseline 0.007 -29"><span class='ocrx_word' id='word_1_133' title='bbox 173 2318 262 2422; x_wconf 77' lang='lat' dir='ltr'><strong>qu&#39;od</strong></span> <span class='ocrx_word' id='word_1_134' title='bbox 298 2319 354 2390; x_wconf 84' lang='lat' dir='ltr'><strong>sibi</strong></span> <span class='ocrx_word' id='word_1_135' title='bbox 388 2316 493 2410; x_wconf 81' lang='lat' dir='ltr'><strong>uideri</strong></span> <span class='ocrx_word' id='word_1_136' title='bbox 528 2317 594 2389; x_wconf 94' lang='lat' dir='ltr'><strong>duo</strong></span> <span class='ocrx_word' id='word_1_137' title='bbox 636 2324 807 2418; x_wconf 85' lang='lat' dir='ltr'><strong>praecipue</strong></span> <span class='ocrx_word' id='word_1_138' title='bbox 847 2319 921 2394; x_wconf 91' lang='lat' dir='ltr'><strong>fore</strong></span> <span class='ocrx_word' id='word_1_139' title='bbox 955 2324 1147 2416; x_wconf 84' lang='lat' dir='ltr'><strong>necessaria,</strong></span> <span class='ocrx_word' id='word_1_140' title='bbox 1177 2328 1178 2332; x_wconf 28' lang='lat'>¹</span> 
     </span>
     <span class='ocr_line' id='line_1_21' title="bbox 169 2416 1147 2523; baseline 0.008 -31"><span class='ocrx_word' id='word_1_141' title='bbox 169 2427 326 2523; x_wconf 82' lang='lat' dir='ltr'><strong>primum,</strong></span> <span class='ocrx_word' id='word_1_142' title='bbox 349 2439 385 2492; x_wconf 93' lang='lat' dir='ltr'><strong>ut</strong></span> <span class='ocrx_word' id='word_1_143' title='bbox 404 2416 562 2492; x_wconf 85' lang='lat' dir='ltr'><strong>diuersam</strong></span> <span class='ocrx_word' id='word_1_144' title='bbox 584 2425 774 2491; x_wconf 87' lang='lat' dir='ltr'><strong>seutentiam</strong></span> <span class='ocrx_word' id='word_1_145' title='bbox 792 2423 831 2491; x_wconf 89' lang='lat' dir='ltr'><strong>ab</strong></span> <span class='ocrx_word' id='word_1_146' title='bbox 852 2451 899 2509; x_wconf 83' lang='lat' dir='ltr'><strong>ea,</strong></span> <span class='ocrx_word' id='word_1_147' title='bbox 923 2452 1004 2522; x_wconf 83' lang='lat' dir='ltr'><strong>quae</strong></span> <span class='ocrx_word' id='word_1_148' title='bbox 1025 2430 1147 2502; x_wconf 81' lang='lat' dir='ltr'><strong>Christi</strong></span> 
     </span>
     <span class='ocr_line' id='line_1_22' title="bbox 170 2517 1164 2620; baseline 0.005 -26"><span class='ocrx_word' id='word_1_149' title='bbox 170 2542 201 2597; x_wconf 90' lang='lat' dir='ltr'><strong>et</strong></span> <span class='ocrx_word' id='word_1_150' title='bbox 215 2519 451 2619; x_wconf 86' lang='lat' dir='ltr'><strong>Apostolorum</strong></span> <span class='ocrx_word' id='word_1_151' title='bbox 466 2519 673 2590; x_wconf 85' lang='lat' dir='ltr'><strong>acEcclesiue</strong></span> <span class='ocrx_word' id='word_1_152' title='bbox 688 2517 782 2607; x_wconf 80' lang='lat' dir='ltr'><strong>esset,</strong></span> <span class='ocrx_word' id='word_1_153' title='bbox 809 2549 905 2620; x_wconf 86' lang='lat' dir='ltr'><strong>quam</strong></span> <span class='ocrx_word' id='word_1_154' title='bbox 922 2528 1074 2597; x_wconf 86' lang='lat' dir='ltr'><strong>hactenus</strong></span> <span class='ocrx_word' id='word_1_155' title='bbox 1087 2526 1164 2613; x_wconf 51' lang='lat' dir='ltr'><strong>du„</strong></span> 
     </span>
     <span class='ocr_line' id='line_1_23' title="bbox 168 2614 1190 2719; baseline 0.005 -23"><span class='ocrx_word' id='word_1_156' title='bbox 168 2649 252 2711; x_wconf 87' lang='lat' dir='ltr'><strong>cere,</strong></span> <span class='ocrx_word' id='word_1_157' title='bbox 277 2620 449 2707; x_wconf 87' lang='lat' dir='ltr'><strong>inculcare,</strong></span> <span class='ocrx_word' id='word_1_158' title='bbox 476 2639 506 2692; x_wconf 89' lang='lat' dir='ltr'><strong>et</strong></span> <span class='ocrx_word' id='word_1_159' title='bbox 530 2617 721 2719; x_wconf 78' lang='lat' dir='ltr'><strong>persuadere</strong></span> <span class='ocrx_word' id='word_1_160' title='bbox 741 2628 847 2691; x_wconf 70' lang='lat' dir='ltr'><strong>cunm</strong></span> <span class='ocrx_word' id='word_1_161' title='bbox 862 2620 1012 2713; x_wconf 63' lang='lat' dir='ltr'><strong>bristout,</strong></span> <span class='ocrx_word' id='word_1_162' title='bbox 1035 2653 1146 2701; x_wconf 88' lang='lat' dir='ltr'><strong>recan-</strong></span> <span class='ocrx_word' id='word_1_163' title='bbox 1185 2614 1190 2621; x_wconf 39' lang='lat'>⁸</span> 
     </span>
     <span class='ocr_line' id='line_1_24' title="bbox 167 2719 1146 2818; baseline 0.007 -23"><span class='ocrx_word' id='word_1_164' title='bbox 167 2740 270 2796; x_wconf 85' lang='lat' dir='ltr'><strong>tarent</strong></span> <span class='ocrx_word' id='word_1_165' title='bbox 290 2729 321 2792; x_wconf 81' lang='lat' dir='ltr'><strong>et</strong></span> <span class='ocrx_word' id='word_1_166' title='bbox 341 2741 530 2792; x_wconf 85' lang='lat' dir='ltr'><strong>revocarent</strong></span> <span class='ocrx_word' id='word_1_167' title='bbox 549 2719 687 2818; x_wconf 86' lang='lat' dir='ltr'><strong>publice.</strong></span> <span class='ocrx_word' id='word_1_168' title='bbox 736 2721 867 2793; x_wconf 83' lang='lat' dir='ltr'><strong>Deinde</strong></span> <span class='ocrx_word' id='word_1_169' title='bbox 890 2751 998 2794; x_wconf 85' lang='lat' dir='ltr'><strong>ueram</strong></span> <span class='ocrx_word' id='word_1_170' title='bbox 1019 2749 1146 2802; x_wconf 86' lang='lat' dir='ltr'><strong>senteu-</strong></span> 
     </span>
     <span class='ocr_line' id='line_1_25' title="bbox 166 2819 1145 2917; baseline 0.008 -23"><span class='ocrx_word' id='word_1_171' title='bbox 166 2830 245 2895; x_wconf 83' lang='lat' dir='ltr'><strong>tiam</strong></span> <span class='ocrx_word' id='word_1_172' title='bbox 278 2819 398 2917; x_wconf 81' lang='lat' dir='ltr'><strong>exinde</strong></span> <span class='ocrx_word' id='word_1_173' title='bbox 428 2820 637 2892; x_wconf 87' lang='lat' dir='ltr'><strong>concorditer</strong></span> <span class='ocrx_word' id='word_1_174' title='bbox 665 2821 837 2903; x_wconf 79' lang='lat' dir='ltr'><strong>nobiseum</strong></span> <span class='ocrx_word' id='word_1_175' title='bbox 872 2821 1037 2896; x_wconf 87' lang='lat' dir='ltr'><strong>docerent.</strong></span> <span class='ocrx_word' id='word_1_176' title='bbox 1103 2837 1145 2902; x_wconf 78' lang='lat' dir='ltr'><strong>Se</strong></span> 
     </span>
     <span class='ocr_line' id='line_1_26' title="bbox 166 2915 1142 3026; baseline 0.005 -31"><span class='ocrx_word' id='word_1_177' title='bbox 166 2927 256 2995; x_wconf 90' lang='lat' dir='ltr'><strong>enirn</strong></span> <span class='ocrx_word' id='word_1_178' title='bbox 270 2920 341 2993; x_wconf 63' lang='lat' dir='ltr'><strong>ibn</strong></span> <span class='ocrx_word' id='word_1_179' title='bbox 356 2915 449 3017; x_wconf 88' lang='lat' dir='ltr'><strong>posse</strong></span> <span class='ocrx_word' id='word_1_180' title='bbox 470 2945 539 2991; x_wconf 91' lang='lat' dir='ltr'><strong>non</strong></span> <span class='ocrx_word' id='word_1_181' title='bbox 556 2925 713 2990; x_wconf 88' lang='lat' dir='ltr'><strong>exsecrari</strong></span> <span class='ocrx_word' id='word_1_182' title='bbox 731 2929 900 2994; x_wconf 80' lang='lat' dir='ltr'><strong>sententias</strong></span> <span class='ocrx_word' id='word_1_183' title='bbox 916 2929 923 2991; x_wconf 91' lang='lat' dir='ltr'><strong>i</strong></span> <span class='ocrx_word' id='word_1_184' title='bbox 930 2924 983 2995; x_wconf 86' lang='lat' dir='ltr'><strong>ihs</strong></span> <span class='ocrx_word' id='word_1_185' title='bbox 998 2929 1142 3026; x_wconf 81' lang='lat' dir='ltr'><strong>Zuinglii</strong></span> 
     </span>
    </p>
   </div>
   <div class='ocr_carea' id='block_1_13' title="bbox 110 3015 1145 3118">
    <p class='ocr_par' dir='ltr' id='par_1_13' title="bbox 110 3015 1145 3118">
     <span class='ocr_line' id='line_1_27' title="bbox 110 3015 1145 3118; baseline 0.007 -23"><span class='ocrx_word' id='word_1_186' title='bbox 110 3051 112 3060; x_wconf 75' lang='grc'>’</span> <span class='ocrx_word' id='word_1_187' title='bbox 164 3043 195 3096; x_wconf 90' lang='lat' dir='ltr'><strong>et</strong></span> <span class='ocrx_word' id='word_1_188' title='bbox 208 3015 457 3118; x_wconf 86' lang='lat' dir='ltr'><strong>Oecolampadii</strong></span> <span class='ocrx_word' id='word_1_189' title='bbox 473 3016 513 3090; x_wconf 93' lang='lat' dir='ltr'><strong>de</strong></span> <span class='ocrx_word' id='word_1_190' title='bbox 527 3019 679 3118; x_wconf 82' lang='lat' dir='ltr'><strong>originali</strong></span> <span class='ocrx_word' id='word_1_191' title='bbox 694 3041 827 3117; x_wconf 85' lang='lat' dir='ltr'><strong>peceato</strong></span> <span class='ocrx_word' id='word_1_192' title='bbox 845 3020 948 3118; x_wconf 71' lang='lat' dir='ltr'><strong>deque</strong></span> <span class='ocrx_word' id='word_1_193' title='bbox 962 3051 1145 3103; x_wconf 83' lang='lat' dir='ltr'><strong>sacramen·</strong></span> 
     </span>
    </p>
   </div>
   <div class='ocr_carea' id='block_1_14' title="bbox 143 3114 1141 3218">
    <p class='ocr_par' dir='ltr' id='par_1_14' title="bbox 143 3114 1141 3218">
     <span class='ocr_line' id='line_1_28' title="bbox 143 3114 1141 3218; baseline 0.005 -23"><span class='ocrx_word' id='word_1_194' title='bbox 143 3114 148 3123; x_wconf 44' lang='lat'><em>¹</em></span> <span class='ocrx_word' id='word_1_195' title='bbox 163 3143 208 3195; x_wconf 90' lang='lat' dir='ltr'><strong>to.</strong></span> <span class='ocrx_word' id='word_1_196' title='bbox 259 3125 302 3192; x_wconf 88' lang='lat' dir='ltr'><strong>Et</strong></span> <span class='ocrx_word' id='word_1_197' title='bbox 317 3140 439 3192; x_wconf 86' lang='lat' dir='ltr'><strong>exstare</strong></span> <span class='ocrx_word' id='word_1_198' title='bbox 453 3117 559 3191; x_wconf 89' lang='lat' dir='ltr'><strong>adhuc</strong></span> <span class='ocrx_word' id='word_1_199' title='bbox 572 3146 609 3190; x_wconf 86' lang='lat' dir='ltr'><strong>ac</strong></span> <span class='ocrx_word' id='word_1_200' title='bbox 624 3118 745 3218; x_wconf 83' lang='lat' dir='ltr'><strong>vulgari</strong></span> <span class='ocrx_word' id='word_1_201' title='bbox 764 3148 881 3194; x_wconf 89' lang='lat' dir='ltr'><strong>eorum</strong></span> <span class='ocrx_word' id='word_1_202' title='bbox 894 3123 982 3195; x_wconf 86' lang='lat' dir='ltr'><strong>libris</strong></span> <span class='ocrx_word' id='word_1_203' title='bbox 995 3153 1091 3200; x_wconf 84' lang='lat' dir='ltr'><strong>voees</strong></span> <span class='ocrx_word' id='word_1_204' title='bbox 1104 3129 1141 3200; x_wconf 90' lang='lat' dir='ltr'><strong>il-</strong></span> 
     </span>
    </p>
   </div>
   <div class='ocr_carea' id='block_1_15' title="bbox 162 3223 1214 3421">
    <p class='ocr_par' dir='ltr' id='par_1_15' title="bbox 162 3223 1214 3421">
     <span class='ocr_line' id='line_1_29' title="bbox 162 3223 1193 3322; baseline -0.001 -27"><span class='ocrx_word' id='word_1_205' title='bbox 162 3224 229 3295; x_wconf 82' lang='lat' dir='ltr'><strong>las:</strong></span> <span class='ocrx_word' id='word_1_206' title='bbox 266 3223 379 3292; x_wconf 92' lang='lat' dir='ltr'><strong>Deus</strong></span> <span class='ocrx_word' id='word_1_207' title='bbox 408 3223 671 3317; x_wconf 81' lang='lat' dir='ltr'><strong>impanatus:</strong></span> <span class='ocrx_word' id='word_1_208' title='bbox 704 3225 813 3292; x_wconf 88' lang='lat' dir='ltr'><strong>Caro</strong></span> <span class='ocrx_word' id='word_1_209' title='bbox 848 3250 930 3294; x_wconf 87' lang='lat' dir='ltr'><strong>uon</strong></span> <span class='ocrx_word' id='word_1_210' title='bbox 963 3226 1141 3322; x_wconf 80' lang='lat' dir='ltr'><strong>prodest</strong></span> <span class='ocrx_word' id='word_1_211' title='bbox 1190 3234 1193 3244; x_wconf 63' lang='lat'><em>⁴</em></span> 
     </span>
     <span class='ocr_line' id='line_1_30' title="bbox 162 3315 1214 3421; baseline -0.005 -27"><span class='ocrx_word' id='word_1_212' title='bbox 162 3326 381 3421; x_wconf 88' lang='lat' dir='ltr'><strong>quicquam</strong></span> <span class='ocrx_word' id='word_1_213' title='bbox 406 3315 449 3394; x_wconf 87' lang='lat' dir='ltr'><strong>sc.</strong></span> <span class='ocrx_word' id='word_1_214' title='bbox 473 3321 661 3410; x_wconf 87' lang='lat' dir='ltr'><strong>Christi:</strong></span> <span class='ocrx_word' id='word_1_215' title='bbox 685 3323 763 3392; x_wconf 90' lang='lat' dir='ltr'><strong>hoc</strong></span> <span class='ocrx_word' id='word_1_216' title='bbox 789 3318 1021 3418; x_wconf 84' lang='lat' dir='ltr'><strong>significat·</strong></span> <span class='ocrx_word' id='word_1_217' title='bbox 1044 3353 1138 3400; x_wconf 87' lang='lat' dir='ltr'><strong>eor.</strong></span> <span class='ocrx_word' id='word_1_218' title='bbox 1210 3321 1214 3330; x_wconf 75' lang='grc'><strong>“</strong></span> 
     </span>
    </p>
   </div>
   <div class='ocr_carea' id='block_1_16' title="bbox 99 3422 1138 3522">
    <p class='ocr_par' dir='ltr' id='par_1_16' title="bbox 99 3422 1138 3522">
     <span class='ocr_line' id='line_1_31' title="bbox 99 3422 1138 3522; baseline -0.003 -29"><span class='ocrx_word' id='word_1_219' title='bbox 99 3422 116 3492; x_wconf 59' lang='lat' dir='ltr'><em>ss</em></span> <span class='ocrx_word' id='word_1_220' title='bbox 160 3446 232 3522; x_wconf 89' lang='lat' dir='ltr'><strong>pus</strong></span> <span class='ocrx_word' id='word_1_221' title='bbox 253 3448 411 3508; x_wconf 75' lang='lat' dir='ltr'><strong>rusum,</strong></span> <span class='ocrx_word' id='word_1_222' title='bbox 438 3427 461 3493; x_wconf 90' lang='lat' dir='ltr'><strong>i.</strong></span> <span class='ocrx_word' id='word_1_223' title='bbox 484 3448 512 3494; x_wconf 91' lang='lat' dir='ltr'><strong>e.</strong></span> <span class='ocrx_word' id='word_1_224' title='bbox 538 3425 738 3518; x_wconf 88' lang='lat' dir='ltr'><strong>corporis</strong></span> <span class='ocrx_word' id='word_1_225' title='bbox 764 3427 845 3492; x_wconf 91' lang='lat' dir='ltr'><strong>mei</strong></span> <span class='ocrx_word' id='word_1_226' title='bbox 868 3422 1028 3522; x_wconf 80' lang='lat' dir='ltr'><strong>ligura,</strong></span> <span class='ocrx_word' id='word_1_227' title='bbox 1051 3435 1138 3500; x_wconf 88' lang='lat' dir='ltr'><strong>etsi.</strong></span> 
     </span>
    </p>
   </div>
   <div class='ocr_carea' id='block_1_17' title="bbox 120 3518 1179 3718">
    <p class='ocr_par' dir='ltr' id='par_1_17' title="bbox 120 3518 1179 3718">
     <span class='ocr_line' id='line_1_32' title="bbox 133 3518 1179 3618; baseline 0.006 -23"><span class='ocrx_word' id='word_1_228' title='bbox 133 3591 135 3595; x_wconf 79' lang='grc'>,</span> <span class='ocrx_word' id='word_1_229' title='bbox 159 3520 264 3612; x_wconf 86' lang='lat' dir='ltr'><strong>miles,</strong></span> <span class='ocrx_word' id='word_1_230' title='bbox 284 3545 494 3618; x_wconf 83' lang='lat' dir='ltr'><strong>quscomnes</strong></span> <span class='ocrx_word' id='word_1_231' title='bbox 510 3518 548 3590; x_wconf 76' lang='lat' dir='ltr'><strong>id·</strong></span> <span class='ocrx_word' id='word_1_232' title='bbox 562 3518 701 3592; x_wconf 87' lang='lat' dir='ltr'><strong>uellent:</strong></span> <span class='ocrx_word' id='word_1_233' title='bbox 724 3523 845 3593; x_wconf 90' lang='lat' dir='ltr'><strong>Panis</strong></span> <span class='ocrx_word' id='word_1_234' title='bbox 873 3548 1029 3596; x_wconf 83' lang='lat' dir='ltr'><strong>coenae</strong></span> <span class='ocrx_word' id='word_1_235' title='bbox 1052 3554 1136 3602; x_wconf 90' lang='lat' dir='ltr'><strong>non</strong></span> <span class='ocrx_word' id='word_1_236' title='bbox 1173 3584 1179 3591; x_wconf 85' lang='lat'>.</span> 
     </span>
     <span class='ocr_line' id='line_1_33' title="bbox 120 3622 1136 3718; baseline 0.007 -24"><span class='ocrx_word' id='word_1_237' title='bbox 120 3622 221 3695; x_wconf 54' lang='lat' dir='ltr'><strong>sest</strong></span> <span class='ocrx_word' id='word_1_238' title='bbox 255 3646 405 3718; x_wconf 86' lang='lat' dir='ltr'><strong>eorpus</strong></span> <span class='ocrx_word' id='word_1_239' title='bbox 441 3622 628 3692; x_wconf 83' lang='lat' dir='ltr'><strong>Christi:</strong></span> <span class='ocrx_word' id='word_1_240' title='bbox 673 3624 823 3693; x_wconf 87' lang='lat' dir='ltr'><strong>Vinum</strong></span> <span class='ocrx_word' id='word_1_241' title='bbox 860 3647 1016 3699; x_wconf 88' lang='lat' dir='ltr'><strong>coenae</strong></span> <span class='ocrx_word' id='word_1_242' title='bbox 1050 3654 1136 3701; x_wconf 88' lang='lat' dir='ltr'><strong>non</strong></span> 
     </span>
    </p>
   </div>
   <div class='ocr_carea' id='block_1_18' title="bbox 159 3722 1136 3823">
    <p class='ocr_par' dir='ltr' id='par_1_18' title="bbox 159 3722 1136 3823">
     <span class='ocr_line' id='line_1_34' title="bbox 159 3722 1136 3823; baseline 0 -32"><span class='ocrx_word' id='word_1_243' title='bbox 159 3740 220 3808; x_wconf 81' lang='lat' dir='ltr'><strong>est</strong></span> <span class='ocrx_word' id='word_1_244' title='bbox 243 3724 412 3818; x_wconf 89' lang='lat' dir='ltr'><strong>sanguis</strong></span> <span class='ocrx_word' id='word_1_245' title='bbox 437 3723 608 3792; x_wconf 87' lang='lat' dir='ltr'><strong>Christi.</strong></span> <span class='ocrx_word' id='word_1_246' title='bbox 656 3722 704 3792; x_wconf 93' lang='lat' dir='ltr'><strong>Ut</strong></span> <span class='ocrx_word' id='word_1_247' title='bbox 719 3742 752 3792; x_wconf 92' lang='lat' dir='ltr'><strong>ut</strong></span> <span class='ocrx_word' id='word_1_248' title='bbox 773 3747 924 3822; x_wconf 86' lang='lat' dir='ltr'><strong>personas</strong></span> <span class='ocrx_word' id='word_1_249' title='bbox 937 3730 1136 3823; x_wconf 80' lang='lat' dir='ltr'><strong>ipsas&#39;corn.</strong></span> 
     </span>
    </p>
   </div>
   <div class='ocr_carea' id='block_1_19' title="bbox 30 3815 1135 4022">
    <p class='ocr_par' dir='ltr' id='par_1_19' title="bbox 30 3815 1135 4022">
     <span class='ocr_line' id='line_1_35' title="bbox 30 3815 1135 3925; baseline 0.01 -32"><span class='ocrx_word' id='word_1_250' title='bbox 30 3904 36 3925; x_wconf 34' lang='grc' dir='ltr'>ί</span> <span class='ocrx_word' id='word_1_251' title='bbox 65 3898 68 3907; x_wconf 65' lang='grc'>,</span> <span class='ocrx_word' id='word_1_252' title='bbox 88 3824 95 3836; x_wconf 86' lang='grc'><strong>’</strong></span> <span class='ocrx_word' id='word_1_253' title='bbox 158 3827 298 3894; x_wconf 81' lang='lat' dir='ltr'><strong>mitteret</strong></span> <span class='ocrx_word' id='word_1_254' title='bbox 318 3820 430 3893; x_wconf 87' lang='lat' dir='ltr'><strong>diuino</strong></span> <span class='ocrx_word' id='word_1_255' title='bbox 447 3815 585 3913; x_wconf 81' lang='lat' dir='ltr'><strong>judicio:</strong></span> <span class='ocrx_word' id='word_1_256' title='bbox 618 3839 728 3904; x_wconf 85' lang='lat' dir='ltr'><strong>tamen</strong></span> <span class='ocrx_word' id='word_1_257' title='bbox 744 3821 955 3920; x_wconf 87' lang='lat' dir='ltr'><strong>blasphemias</strong></span> <span class='ocrx_word' id='word_1_258' title='bbox 968 3826 1135 3904; x_wconf 83' lang='lat' dir='ltr'><strong>hasnullo</strong></span> 
     </span>
     <span class='ocr_line' id='line_1_36' title="bbox 104 3915 1072 4022; baseline 0.004 -29"><span class='ocrx_word' id='word_1_259' title='bbox 104 3938 107 3943; x_wconf 83' lang='lat'>&#39;</span> <span class='ocrx_word' id='word_1_260' title='bbox 156 3918 264 4021; x_wconf 86' lang='lat' dir='ltr'><strong>modo</strong></span> <span class='ocrx_word' id='word_1_261' title='bbox 279 3915 386 4022; x_wconf 86' lang='lat' dir='ltr'><strong>posset</strong></span> <span class='ocrx_word' id='word_1_262' title='bbox 401 3946 471 3996; x_wconf 86' lang='lat' dir='ltr'><strong>nou</strong></span> <span class='ocrx_word' id='word_1_263' title='bbox 495 3925 655 4015; x_wconf 81' lang='lat' dir='ltr'><strong>exsecrari</strong></span> <span class='ocrx_word' id='word_1_264' title='bbox 673 3942 705 3995; x_wconf 90' lang='lat' dir='ltr'><strong>et</strong></span> <span class='ocrx_word' id='word_1_265' title='bbox 721 3917 884 3996; x_wconf 86' lang='lat' dir='ltr'><strong>damnare.</strong></span> <span class='ocrx_word' id='word_1_266' title='bbox 981 3915 1006 3997; x_wconf 56' lang='grc'><strong>.’</strong></span> <span class='ocrx_word' id='word_1_267' title='bbox 1069 3998 1072 4005; x_wconf 75' lang='grc'><strong>,</strong></span> 
     </span>
    </p>
   </div>
   <div class='ocr_carea' id='block_1_20' title="bbox 0 0 1242 4552">
    <p class='ocr_par' dir='ltr' id='par_1_20' title="bbox 0 0 1242 4552">
     <span class='ocr_line' id='line_1_37' title="bbox 0 0 1242 4552; baseline 0 10"><span class='ocrx_word' id='word_1_268' title='bbox 0 0 1242 4552; x_wconf 95' lang='lat' dir='ltr'><strong> </strong></span> 
     </span>
    </p>
   </div>
  </div>
 </body>
</html>
