<?xml version="1.0" encoding="UTF-8"?>
<!DOCTYPE html PUBLIC "-//W3C//DTD XHTML 1.0 Transitional//EN"
    "http://www.w3.org/TR/xhtml1/DTD/xhtml1-transitional.dtd">
<html xmlns="http://www.w3.org/1999/xhtml" xml:lang="en" lang="en">
 <head>
  <title>
</title>
<meta http-equiv="Content-Type" content="text/html;charset=utf-8" />
  <meta name='ocr-system' content='tesseract 3.04.00' />
  <meta name='ocr-capabilities' content='ocr_page ocr_carea ocr_par ocr_line ocrx_word'/>
</head>
<body>
  <div class='ocr_page' id='page_1' title='image "./narratiodefride00lommgoog_0047.png"; bbox 0 0 2474 4552; ppageno 0'>
   <div class='ocr_carea' id='block_1_1' title="bbox 57 381 1228 2278">
    <p class='ocr_par' dir='ltr' id='par_1_1' title="bbox 150 381 1203 1085">
     <span class='ocr_line' id='line_1_1' title="bbox 165 381 1152 487; baseline 0.005 -24"><span class='ocrx_word' id='word_1_1' title='bbox 165 381 348 484; x_wconf 79' lang='lat' dir='ltr'>„etiamad</span> <span class='ocrx_word' id='word_1_2' title='bbox 369 413 431 461; x_wconf 87' lang='lat' dir='ltr'>nos</span> <span class='ocrx_word' id='word_1_3' title='bbox 453 391 510 487; x_wconf 91' lang='lat' dir='ltr'>qui</span> <span class='ocrx_word' id='word_1_4' title='bbox 534 413 576 465; x_wconf 87' lang='lat' dir='ltr'>ex</span> <span class='ocrx_word' id='word_1_5' title='bbox 603 384 717 461; x_wconf 79' lang='lat' dir='ltr'>dextre</span> <span class='ocrx_word' id='word_1_6' title='bbox 746 406 778 461; x_wconf 89' lang='lat' dir='ltr'>et</span> <span class='ocrx_word' id='word_1_7' title='bbox 800 384 922 463; x_wconf 85' lang='lat' dir='ltr'>finistra</span> <span class='ocrx_word' id='word_1_8' title='bbox 942 387 1152 469; x_wconf 75' lang='lat' dir='ltr'>laborabant</span> 
     </span>
     <span class='ocr_line' id='line_1_2' title="bbox 165 484 1152 587; baseline 0.001 -26"><span class='ocrx_word' id='word_1_9' title='bbox 165 490 288 583; x_wconf 89' lang='lat' dir='ltr'>„Toto</span> <span class='ocrx_word' id='word_1_10' title='bbox 300 507 450 587; x_wconf 87' lang='lat' dir='ltr'>tempore</span> <span class='ocrx_word' id='word_1_11' title='bbox 464 485 573 563; x_wconf 75' lang='lat' dir='ltr'>merfls</span> <span class='ocrx_word' id='word_1_12' title='bbox 587 490 669 561; x_wconf 86' lang='lat' dir='ltr'>mihi</span> <span class='ocrx_word' id='word_1_13' title='bbox 689 493 723 561; x_wconf 87' lang='lat' dir='ltr'>in</span> <span class='ocrx_word' id='word_1_14' title='bbox 737 486 835 565; x_wconf 90' lang='lat' dir='ltr'>coelo</span> <span class='ocrx_word' id='word_1_15' title='bbox 851 484 917 560; x_wconf 82' lang='lat' dir='ltr'>esse</span> <span class='ocrx_word' id='word_1_16' title='bbox 933 484 1079 576; x_wconf 85' lang='lat' dir='ltr'>videbar,</span> <span class='ocrx_word' id='word_1_17' title='bbox 1100 490 1152 562; x_wconf 85' lang='lat' dir='ltr'>la·</span> 
     </span>
     <span class='ocr_line' id='line_1_3' title="bbox 161 582 1150 681; baseline 0.002 -21"><span class='ocrx_word' id='word_1_18' title='bbox 161 591 303 681; x_wconf 83' lang='lat' dir='ltr'>„borare</span> <span class='ocrx_word' id='word_1_19' title='bbox 318 610 349 661; x_wconf 90' lang='lat' dir='ltr'>et</span> <span class='ocrx_word' id='word_1_20' title='bbox 359 608 480 661; x_wconf 88' lang='lat' dir='ltr'>metere</span> <span class='ocrx_word' id='word_1_21' title='bbox 494 615 568 663; x_wconf 89' lang='lat' dir='ltr'>cum</span> <span class='ocrx_word' id='word_1_22' title='bbox 580 586 635 661; x_wconf 83' lang='lat' dir='ltr'>tali</span> <span class='ocrx_word' id='word_1_23' title='bbox 650 583 811 662; x_wconf 83' lang='lat' dir='ltr'>sodalitio.</span> <span class='ocrx_word' id='word_1_24' title='bbox 859 590 987 673; x_wconf 82' lang='lat' dir='ltr'>Ductor</span> <span class='ocrx_word' id='word_1_25' title='bbox 1001 615 1094 661; x_wconf 84' lang='lat' dir='ltr'>meua</span> <span class='ocrx_word' id='word_1_26' title='bbox 1111 582 1150 663; x_wconf 93' lang='lat' dir='ltr'>se</span> 
     </span>
     <span class='ocr_line' id='line_1_4' title="bbox 162 682 1148 789; baseline -0.004 -24"><span class='ocrx_word' id='word_1_27' title='bbox 162 693 291 789; x_wconf 60' lang='lat' dir='ltr'>,etatim</span> <span class='ocrx_word' id='word_1_28' title='bbox 312 692 422 787; x_wconf 87' lang='lat' dir='ltr'>ptimo</span> <span class='ocrx_word' id='word_1_29' title='bbox 452 682 581 789; x_wconf 88' lang='lat' dir='ltr'>vespere</span> <span class='ocrx_word' id='word_1_30' title='bbox 610 692 770 761; x_wconf 83' lang='lat' dir='ltr'>institutae</span> <span class='ocrx_word' id='word_1_31' title='bbox 797 684 908 761; x_wconf 77' lang='lat' dir='ltr'>merlis</span> <span class='ocrx_word' id='word_1_32' title='bbox 930 684 1148 779; x_wconf 85' lang='lat' dir='ltr'>subduxerat,</span> 
     </span>
     <span class='ocr_line' id='line_1_5' title="bbox 162 783 1148 886; baseline -0.003 -24"><span class='ocrx_word' id='word_1_33' title='bbox 162 793 296 883; x_wconf 63' lang='lat' dir='ltr'>,iueacio</span> <span class='ocrx_word' id='word_1_34' title='bbox 315 813 392 885; x_wconf 87' lang='lat' dir='ltr'>quo,</span> <span class='ocrx_word' id='word_1_35' title='bbox 416 783 476 860; x_wconf 84' lang='lat' dir='ltr'>nifi</span> <span class='ocrx_word' id='word_1_36' title='bbox 498 784 588 886; x_wconf 89' lang='lat' dir='ltr'>quod</span> <span class='ocrx_word' id='word_1_37' title='bbox 608 783 792 876; x_wconf 83' lang='lat' dir='ltr'>credebam,</span> <span class='ocrx_word' id='word_1_38' title='bbox 816 814 891 860; x_wconf 89' lang='lat' dir='ltr'>eum</span> <span class='ocrx_word' id='word_1_39' title='bbox 904 786 1029 859; x_wconf 75' lang='lat' dir='ltr'>in‘aliiu</span> <span class='ocrx_word' id='word_1_40' title='bbox 1043 793 1148 885; x_wconf 86' lang='lat' dir='ltr'>parti·</span> 
     </span>
     <span class='ocr_line' id='line_1_6' title="bbox 161 886 1203 986; baseline -0.002 -24"><span class='ocrx_word' id='word_1_41' title='bbox 161 889 243 979; x_wconf 80' lang='lat' dir='ltr'>„bus</span> <span class='ocrx_word' id='word_1_42' title='bbox 257 891 362 985; x_wconf 85' lang='lat' dir='ltr'>campi</span> <span class='ocrx_word' id='word_1_43' title='bbox 376 912 492 986; x_wconf 89' lang='lat' dir='ltr'>urgere</span> <span class='ocrx_word' id='word_1_44' title='bbox 505 910 606 986; x_wconf 82' lang='lat' dir='ltr'>opus.</span> <span class='ocrx_word' id='word_1_45' title='bbox 655 890 788 959; x_wconf 85' lang='lat' dir='ltr'>Victum</span> <span class='ocrx_word' id='word_1_46' title='bbox 808 886 954 959; x_wconf 87' lang='lat' dir='ltr'>mittebat</span> <span class='ocrx_word' id='word_1_47' title='bbox 972 888 1145 977; x_wconf 74' lang='lat' dir='ltr'>Dominus</span> <span class='ocrx_word' id='word_1_48' title='bbox 1201 890 1203 895; x_wconf 80' lang='grc'><strong>’</strong></span> 
     </span>
     <span class='ocr_line' id='line_1_7' title="bbox 150 982 1145 1085; baseline -0.004 -24"><span class='ocrx_word' id='word_1_49' title='bbox 150 982 309 1079; x_wconf 72' lang='lat' dir='ltr'>&#39;‚‚mesfis,</span> <span class='ocrx_word' id='word_1_50' title='bbox 330 1012 391 1058; x_wconf 88' lang='lat' dir='ltr'>nec</span> <span class='ocrx_word' id='word_1_51' title='bbox 402 990 456 1085; x_wconf 90' lang='lat' dir='ltr'>qui</span> <span class='ocrx_word' id='word_1_52' title='bbox 500 1013 574 1059; x_wconf 88' lang='lat' dir='ltr'>uam</span> <span class='ocrx_word' id='word_1_53' title='bbox 585 985 679 1060; x_wconf 86' lang='lat' dir='ltr'>nobis</span> <span class='ocrx_word' id='word_1_54' title='bbox 692 983 811 1077; x_wconf 87' lang='lat' dir='ltr'>deerat,</span> <span class='ocrx_word' id='word_1_55' title='bbox 836 1013 898 1058; x_wconf 89' lang='lat' dir='ltr'>nec</span> <span class='ocrx_word' id='word_1_56' title='bbox 912 1011 1038 1061; x_wconf 75' lang='lat' dir='ltr'>eramus</span> <span class='ocrx_word' id='word_1_57' title='bbox 1053 986 1145 1058; x_wconf 90' lang='lat' dir='ltr'>mul·</span> 
     </span>
    </p>

    <p class='ocr_par' dir='ltr' id='par_1_2' title="bbox 104 1078 1143 1386">
     <span class='ocr_line' id='line_1_8' title="bbox 104 1078 1143 1185; baseline -0.003 -25"><span class='ocrx_word' id='word_1_58' title='bbox 104 1136 107 1141; x_wconf 91' lang='lat'>-</span> <span class='ocrx_word' id='word_1_59' title='bbox 158 1109 252 1180; x_wconf 80' lang='lat' dir='ltr'>„tum</span> <span class='ocrx_word' id='word_1_60' title='bbox 266 1082 391 1159; x_wconf 81' lang='lat' dir='ltr'>solliciti</span> <span class='ocrx_word' id='word_1_61' title='bbox 406 1082 472 1185; x_wconf 86' lang='lat' dir='ltr'>quo</span> <span class='ocrx_word' id='word_1_62' title='bbox 512 1105 602 1174; x_wconf 61' lang='lat' dir='ltr'>tanta,</span> <span class='ocrx_word' id='word_1_63' title='bbox 614 1081 810 1158; x_wconf 81' lang='lat' dir='ltr'>essetmeefis</span> <span class='ocrx_word' id='word_1_64' title='bbox 826 1105 857 1157; x_wconf 88' lang='lat' dir='ltr'>et</span> <span class='ocrx_word' id='word_1_65' title='bbox 875 1078 1015 1183; x_wconf 68' lang='lat' dir='ltr'>prorsus,</span> <span class='ocrx_word' id='word_1_66' title='bbox 1031 1107 1065 1157; x_wconf 94' lang='lat' dir='ltr'>ut</span> <span class='ocrx_word' id='word_1_67' title='bbox 1080 1112 1143 1183; x_wconf 88' lang='lat' dir='ltr'>pu-</span> 
     </span>
     <span class='ocr_line' id='line_1_9' title="bbox 156 1179 1142 1287; baseline 0 -28"><span class='ocrx_word' id='word_1_68' title='bbox 156 1188 333 1287; x_wconf 76' lang='lat' dir='ltr'>·„tabamut‚</span> <span class='ocrx_word' id='word_1_69' title='bbox 347 1180 486 1276; x_wconf 84' lang='lat' dir='ltr'>infinita,</span> <span class='ocrx_word' id='word_1_70' title='bbox 512 1204 543 1256; x_wconf 91' lang='lat' dir='ltr'>et</span> <span class='ocrx_word' id='word_1_71' title='bbox 557 1205 744 1257; x_wconf 83' lang='lat' dir='ltr'>nostrorum</span> <span class='ocrx_word' id='word_1_72' title='bbox 761 1179 863 1257; x_wconf 86' lang='lat' dir='ltr'>essent</span> <span class='ocrx_word' id='word_1_73' title='bbox 888 1204 954 1255; x_wconf 90' lang='lat' dir='ltr'>tam</span> <span class='ocrx_word' id='word_1_74' title='bbox 974 1188 1083 1283; x_wconf 85' lang='lat' dir='ltr'>pauci,</span> <span class='ocrx_word' id='word_1_75' title='bbox 1106 1203 1142 1259; x_wconf 84' lang='lat' dir='ltr'>et</span> 
     </span>
     <span class='ocr_line' id='line_1_10' title="bbox 154 1276 1142 1386; baseline -0.004 -25"><span class='ocrx_word' id='word_1_76' title='bbox 154 1278 765 1386; x_wconf 61' lang='lat' dir='ltr'>„angustiabamundumsentiremusap</span> <span class='ocrx_word' id='word_1_77' title='bbox 791 1276 1142 1379; x_wconf 80' lang='lat' dir='ltr'>roximarehy&#39;emem,</span> 
     </span>
    </p>

    <p class='ocr_par' dir='ltr' id='par_1_3' title="bbox 57 1311 1228 2179">
     <span class='ocr_line' id='line_1_11' title="bbox 57 1311 1139 1485; baseline -0.001 -27"><span class='ocrx_word' id='word_1_78' title='bbox 57 1384 61 1393; x_wconf 73' lang='grc'><strong>“</strong></span> <span class='ocrx_word' id='word_1_79' title='bbox 155 1414 222 1483; x_wconf 82' lang='lat' dir='ltr'>„ne</span> <span class='ocrx_word' id='word_1_80' title='bbox 238 1382 320 1485; x_wconf 91' lang='lat' dir='ltr'>quid</span> <span class='ocrx_word' id='word_1_81' title='bbox 336 1381 596 1481; x_wconf 87' lang='lat' dir='ltr'>relinqueremus</span> <span class='ocrx_word' id='word_1_82' title='bbox 612 1410 682 1455; x_wconf 90' lang='lat' dir='ltr'>non</span> <span class='ocrx_word' id='word_1_83' title='bbox 697 1311 830 1455; x_wconf 73' lang='lat' dir='ltr'>nrisllrm</span> <span class='ocrx_word' id='word_1_84' title='bbox 838 1381 878 1455; x_wconf 87' lang='lat' dir='ltr'>ad</span> <span class='ocrx_word' id='word_1_85' title='bbox 887 1387 1013 1455; x_wconf 86' lang='lat' dir='ltr'>horrea.</span> <span class='ocrx_word' id='word_1_86' title='bbox 1040 1384 1139 1457; x_wconf 82' lang='lat' dir='ltr'>&#39;l&#39;an-</span> 
     </span>
     <span class='ocr_line' id='line_1_12' title="bbox 154 1477 1139 1583; baseline -0.002 -25"><span class='ocrx_word' id='word_1_87' title='bbox 154 1484 256 1579; x_wconf 88' lang='lat' dir='ltr'>„dem</span> <span class='ocrx_word' id='word_1_88' title='bbox 270 1479 385 1570; x_wconf 88' lang='lat' dir='ltr'>sentio,</span> <span class='ocrx_word' id='word_1_89' title='bbox 405 1508 475 1552; x_wconf 88' lang='lat' dir='ltr'>non</span> <span class='ocrx_word' id='word_1_90' title='bbox 496 1487 596 1555; x_wconf 88' lang='lat' dir='ltr'>animi</span> <span class='ocrx_word' id='word_1_91' title='bbox 622 1477 675 1554; x_wconf 87' lang='lat' dir='ltr'>sed</span> <span class='ocrx_word' id='word_1_92' title='bbox 692 1486 839 1583; x_wconf 87' lang='lat' dir='ltr'>corporis</span> <span class='ocrx_word' id='word_1_93' title='bbox 852 1489 940 1554; x_wconf 71' lang='lat' dir='ltr'>,vires</span> <span class='ocrx_word' id='word_1_94' title='bbox 957 1508 998 1553; x_wconf 87' lang='lat' dir='ltr'>ex</span> <span class='ocrx_word' id='word_1_95' title='bbox 1014 1480 1070 1554; x_wconf 90' lang='lat' dir='ltr'>illa</span> <span class='ocrx_word' id='word_1_96' title='bbox 1086 1489 1139 1557; x_wconf 89' lang='lat' dir='ltr'>in·</span> 
     </span>
     <span class='ocr_line' id='line_1_13' title="bbox 153 1577 1137 1679; baseline 0 -22"><span class='ocrx_word' id='word_1_97' title='bbox 153 1589 289 1676; x_wconf 67' lang='lat' dir='ltr'>„stantia</span> <span class='ocrx_word' id='word_1_98' title='bbox 312 1577 455 1653; x_wconf 88' lang='lat' dir='ltr'>metendi</span> <span class='ocrx_word' id='word_1_99' title='bbox 477 1600 507 1655; x_wconf 87' lang='lat' dir='ltr'>et</span> <span class='ocrx_word' id='word_1_100' title='bbox 526 1577 710 1655; x_wconf 86' lang='lat' dir='ltr'>defalcandi</span> <span class='ocrx_word' id='word_1_101' title='bbox 730 1587 896 1679; x_wconf 86' lang='lat' dir='ltr'>attenuari,</span> <span class='ocrx_word' id='word_1_102' title='bbox 919 1584 1054 1654; x_wconf 89' lang='lat' dir='ltr'>etmihi</span> <span class='ocrx_word' id='word_1_103' title='bbox 1080 1603 1137 1657; x_wconf 90' lang='lat' dir='ltr'>aut</span> 
     </span>
     <span class='ocr_line' id='line_1_14' title="bbox 151 1676 1228 1784; baseline 0.003 -28"><span class='ocrx_word' id='word_1_104' title='bbox 151 1678 405 1784; x_wconf 82' lang='lat' dir='ltr'>„quiescendum</span> <span class='ocrx_word' id='word_1_105' title='bbox 419 1676 496 1775; x_wconf 88' lang='lat' dir='ltr'>esse,</span> <span class='ocrx_word' id='word_1_106' title='bbox 518 1702 571 1755; x_wconf 87' lang='lat' dir='ltr'>aut</span> <span class='ocrx_word' id='word_1_107' title='bbox 586 1687 622 1755; x_wconf 91' lang='lat' dir='ltr'>in</span> <span class='ocrx_word' id='word_1_108' title='bbox 637 1708 719 1781; x_wconf 82' lang='lat' dir='ltr'>agro</span> <span class='ocrx_word' id='word_1_109' title='bbox 733 1677 981 1755; x_wconf 86' lang='lat' dir='ltr'>considendum.</span> <span class='ocrx_word' id='word_1_110' title='bbox 1013 1682 1135 1755; x_wconf 87' lang='lat' dir='ltr'>Recre-</span> <span class='ocrx_word' id='word_1_111' title='bbox 1172 1678 1206 1759; x_wconf 50' lang='lat' dir='ltr'>lN</span> <span class='ocrx_word' id='word_1_112' title='bbox 1226 1738 1228 1742; x_wconf 27' lang='grc' dir='ltr'><strong><em>ι</em></strong></span> 
     </span>
     <span class='ocr_line' id='line_1_15' title="bbox 152 1779 1135 1882; baseline -0.002 -26"><span class='ocrx_word' id='word_1_113' title='bbox 152 1803 266 1876; x_wconf 79' lang='lat' dir='ltr'>„arunt</span> <span class='ocrx_word' id='word_1_114' title='bbox 284 1809 340 1855; x_wconf 90' lang='lat' dir='ltr'>me</span> <span class='ocrx_word' id='word_1_115' title='bbox 359 1779 500 1855; x_wconf 90' lang='lat' dir='ltr'>multum</span> <span class='ocrx_word' id='word_1_116' title='bbox 522 1780 724 1882; x_wconf 86' lang='lat' dir='ltr'>collegarum</span> <span class='ocrx_word' id='word_1_117' title='bbox 744 1780 884 1868; x_wconf 84' lang='lat' dir='ltr'>labores,</span> <span class='ocrx_word' id='word_1_118' title='bbox 908 1784 1061 1853; x_wconf 81' lang='lat' dir='ltr'>maxime</span> <span class='ocrx_word' id='word_1_119' title='bbox 1073 1782 1135 1855; x_wconf 91' lang='lat' dir='ltr'>ille</span> 
     </span>
     <span class='ocr_line' id='line_1_16' title="bbox 150 1878 1134 1981; baseline 0.001 -27"><span class='ocrx_word' id='word_1_120' title='bbox 150 1909 264 1971; x_wconf 81' lang='lat' dir='ltr'>„meur</span> <span class='ocrx_word' id='word_1_121' title='bbox 277 1882 475 1980; x_wconf 85' lang='lat' dir='ltr'>gubernator</span> <span class='ocrx_word' id='word_1_122' title='bbox 488 1901 520 1952; x_wconf 91' lang='lat' dir='ltr'>et</span> <span class='ocrx_word' id='word_1_123' title='bbox 532 1888 686 1981; x_wconf 83' lang='lat' dir='ltr'>magister</span> <span class='ocrx_word' id='word_1_124' title='bbox 699 1886 818 1981; x_wconf 82' lang='lat' dir='ltr'>operis,</span> <span class='ocrx_word' id='word_1_125' title='bbox 844 1885 894 1953; x_wconf 91' lang='lat' dir='ltr'>cui</span> <span class='ocrx_word' id='word_1_126' title='bbox 910 1908 998 1953; x_wconf 88' lang='lat' dir='ltr'>eram</span> <span class='ocrx_word' id='word_1_127' title='bbox 1015 1878 1134 1955; x_wconf 89' lang='lat' dir='ltr'>adiun-</span> 
     </span>
     <span class='ocr_line' id='line_1_17' title="bbox 146 1976 1133 2080; baseline 0.001 -26"><span class='ocrx_word' id='word_1_128' title='bbox 146 2001 286 2079; x_wconf 78' lang='lat' dir='ltr'>„ctus‚et</span> <span class='ocrx_word' id='word_1_129' title='bbox 302 1984 398 2053; x_wconf 86' lang='lat' dir='ltr'>etiam</span> <span class='ocrx_word' id='word_1_130' title='bbox 412 1976 583 2078; x_wconf 75' lang='lat' dir='ltr'>languidue</span> <span class='ocrx_word' id='word_1_131' title='bbox 597 1977 784 2080; x_wconf 83' lang='lat' dir='ltr'>aliquandiu</span> <span class='ocrx_word' id='word_1_132' title='bbox 796 1977 938 2079; x_wconf 90' lang='lat' dir='ltr'>perduro</span> <span class='ocrx_word' id='word_1_133' title='bbox 954 1979 1133 2075; x_wconf 78' lang='lat' dir='ltr'>inlabere,</span> 
     </span>
     <span class='ocr_line' id='line_1_18' title="bbox 146 2077 1131 2179; baseline 0.005 -26"><span class='ocrx_word' id='word_1_134' title='bbox 146 2078 458 2177; x_wconf 81' lang='lat' dir='ltr'>„faciensquantum</span> <span class='ocrx_word' id='word_1_135' title='bbox 470 2082 573 2177; x_wconf 87' lang='lat' dir='ltr'>potui.</span> <span class='ocrx_word' id='word_1_136' title='bbox 619 2084 742 2152; x_wconf 87' lang='lat' dir='ltr'>Verum</span> <span class='ocrx_word' id='word_1_137' title='bbox 753 2098 828 2179; x_wconf 89' lang='lat' dir='ltr'>post</span> <span class='ocrx_word' id='word_1_138' title='bbox 834 2080 990 2177; x_wconf 86' lang='lat' dir='ltr'>pauculos</span> <span class='ocrx_word' id='word_1_139' title='bbox 1002 2077 1072 2153; x_wconf 88' lang='lat' dir='ltr'>dies</span> <span class='ocrx_word' id='word_1_140' title='bbox 1080 2108 1131 2157; x_wconf 87' lang='lat' dir='ltr'>re·</span> 
     </span>
    </p>

    <p class='ocr_par' dir='ltr' id='par_1_4' title="bbox 71 2171 1131 2278">
     <span class='ocr_line' id='line_1_19' title="bbox 71 2171 1131 2278; baseline 0.003 -25"><span class='ocrx_word' id='word_1_141' title='bbox 71 2224 76 2229; x_wconf 94' lang='lat'>·</span> <span class='ocrx_word' id='word_1_142' title='bbox 147 2180 405 2277; x_wconf 81' lang='lat' dir='ltr'>„ducor‚&#39;neque</span> <span class='ocrx_word' id='word_1_143' title='bbox 417 2171 485 2251; x_wconf 85' lang='lat' dir='ltr'>scio</span> <span class='ocrx_word' id='word_1_144' title='bbox 505 2204 606 2277; x_wconf 88' lang='lat' dir='ltr'>aquo</span> <span class='ocrx_word' id='word_1_145' title='bbox 622 2199 754 2278; x_wconf 88' lang='lat' dir='ltr'>autquo</span> <span class='ocrx_word' id='word_1_146' title='bbox 774 2175 882 2253; x_wconf 91' lang='lat' dir='ltr'>modo</span> <span class='ocrx_word' id='word_1_147' title='bbox 904 2185 940 2253; x_wconf 85' lang='lat' dir='ltr'>iu</span> <span class='ocrx_word' id='word_1_148' title='bbox 952 2178 1068 2267; x_wconf 81' lang='lat' dir='ltr'>cubile,</span> <span class='ocrx_word' id='word_1_149' title='bbox 1096 2199 1131 2256; x_wconf 86' lang='lat' dir='ltr'>et</span> 
     </span>
    </p>
   </div>
   <div class='ocr_carea' id='block_1_2' title="bbox 78 2273 1129 2949">
    <p class='ocr_par' dir='ltr' id='par_1_5' title="bbox 78 2273 1129 2949">
     <span class='ocr_line' id='line_1_20' title="bbox 146 2273 1129 2382; baseline 0.002 -29"><span class='ocrx_word' id='word_1_150' title='bbox 146 2305 296 2377; x_wconf 73' lang='lat' dir='ltr'>„repono</span> <span class='ocrx_word' id='word_1_151' title='bbox 309 2304 368 2353; x_wconf 86' lang='lat' dir='ltr'>‚me</span> <span class='ocrx_word' id='word_1_152' title='bbox 381 2273 421 2348; x_wconf 89' lang='lat' dir='ltr'>ad</span> <span class='ocrx_word' id='word_1_153' title='bbox 436 2276 592 2349; x_wconf 88' lang='lat' dir='ltr'>lectulum</span> <span class='ocrx_word' id='word_1_154' title='bbox 605 2275 703 2351; x_wconf 81' lang='lat' dir='ltr'>lassus</span> <span class='ocrx_word' id='word_1_155' title='bbox 716 2299 748 2353; x_wconf 90' lang='lat' dir='ltr'>et</span> <span class='ocrx_word' id='word_1_156' title='bbox 756 2300 917 2378; x_wconf 82' lang='lat' dir='ltr'>aegrotus.</span> <span class='ocrx_word' id='word_1_157' title='bbox 967 2282 1129 2382; x_wconf 81' lang='lat' dir='ltr'>Dumque</span> 
     </span>
     <span class='ocr_line' id='line_1_21' title="bbox 85 2374 1127 2479; baseline 0.006 -31"><span class='ocrx_word' id='word_1_158' title='bbox 85 2388 90 2397; x_wconf 74' lang='grc'><em>“</em></span> <span class='ocrx_word' id='word_1_159' title='bbox 144 2376 212 2467; x_wconf 79' lang='lat' dir='ltr'>„fic</span> <span class='ocrx_word' id='word_1_160' title='bbox 225 2383 337 2464; x_wconf 82' lang='lat' dir='ltr'>iaceo,</span> <span class='ocrx_word' id='word_1_161' title='bbox 359 2397 391 2449; x_wconf 90' lang='lat' dir='ltr'>et</span> <span class='ocrx_word' id='word_1_162' title='bbox 416 2374 587 2450; x_wconf 89' lang='lat' dir='ltr'>difficulter</span> <span class='ocrx_word' id='word_1_163' title='bbox 606 2380 699 2450; x_wconf 86' lang='lat' dir='ltr'>traho</span> <span class='ocrx_word' id='word_1_164' title='bbox 722 2383 891 2479; x_wconf 77' lang='lat' dir='ltr'>spiritum,</span> <span class='ocrx_word' id='word_1_165' title='bbox 915 2385 1047 2453; x_wconf 88' lang='lat' dir='ltr'>intueor</span> <span class='ocrx_word' id='word_1_166' title='bbox 1066 2382 1127 2479; x_wconf 69' lang='lat' dir='ltr'>pe&#39;-</span> 
     </span>
     <span class='ocr_line' id='line_1_22' title="bbox 143 2472 1125 2569; baseline 0.002 -17"><span class='ocrx_word' id='word_1_167' title='bbox 143 2501 234 2569; x_wconf 78' lang='lat' dir='ltr'>„ctus</span> <span class='ocrx_word' id='word_1_168' title='bbox 248 2504 372 2564; x_wconf 86' lang='lat' dir='ltr'>meum,</span> <span class='ocrx_word' id='word_1_169' title='bbox 395 2476 441 2548; x_wconf 92' lang='lat' dir='ltr'>ibi</span> <span class='ocrx_word' id='word_1_170' title='bbox 456 2472 554 2550; x_wconf 90' lang='lat' dir='ltr'>video</span> <span class='ocrx_word' id='word_1_171' title='bbox 576 2502 713 2551; x_wconf 85' lang='lat' dir='ltr'>omnem</span> <span class='ocrx_word' id='word_1_172' title='bbox 732 2504 865 2550; x_wconf 88' lang='lat' dir='ltr'>carnem</span> <span class='ocrx_word' id='word_1_173' title='bbox 881 2507 992 2552; x_wconf 89' lang='lat' dir='ltr'>meam</span> <span class='ocrx_word' id='word_1_174' title='bbox 1013 2482 1125 2555; x_wconf 89' lang='lat' dir='ltr'>itaab-</span> 
     </span>
     <span class='ocr_line' id='line_1_23' title="bbox 78 2575 1123 2679; baseline -0.002 -23"><span class='ocrx_word' id='word_1_175' title='bbox 78 2656 80 2660; x_wconf 84' lang='grc'>,</span> <span class='ocrx_word' id='word_1_176' title='bbox 142 2578 345 2678; x_wconf 85' lang='lat' dir='ltr'>„sumptam‚</span> <span class='ocrx_word' id='word_1_177' title='bbox 377 2596 411 2651; x_wconf 92' lang='lat' dir='ltr'>ut</span> <span class='ocrx_word' id='word_1_178' title='bbox 430 2582 466 2651; x_wconf 88' lang='lat' dir='ltr'>in</span> <span class='ocrx_word' id='word_1_179' title='bbox 482 2597 553 2651; x_wconf 92' lang='lat' dir='ltr'>toto</span> <span class='ocrx_word' id='word_1_180' title='bbox 578 2605 718 2676; x_wconf 90' lang='lat' dir='ltr'>corpore</span> <span class='ocrx_word' id='word_1_181' title='bbox 737 2577 821 2651; x_wconf 88' lang='lat' dir='ltr'>nihil</span> <span class='ocrx_word' id='word_1_182' title='bbox 840 2575 919 2651; x_wconf 82' lang='lat' dir='ltr'>esset</span> <span class='ocrx_word' id='word_1_183' title='bbox 938 2579 1123 2679; x_wconf 80' lang='lat' dir='ltr'>reliquum,</span> 
     </span>
     <span class='ocr_line' id='line_1_24' title="bbox 94 2672 1123 2781; baseline -0.009 -28"><span class='ocrx_word' id='word_1_184' title='bbox 94 2686 106 2753; x_wconf 90' lang='grc'>’.</span> <span class='ocrx_word' id='word_1_185' title='bbox 140 2707 261 2781; x_wconf 83' lang='lat' dir='ltr'>„quam</span> <span class='ocrx_word' id='word_1_186' title='bbox 282 2674 338 2775; x_wconf 88' lang='lat' dir='ltr'>sub</span> <span class='ocrx_word' id='word_1_187' title='bbox 361 2673 449 2751; x_wconf 85' lang='lat' dir='ltr'>arida</span> <span class='ocrx_word' id='word_1_188' title='bbox 471 2699 542 2752; x_wconf 89' lang='lat' dir='ltr'>cute</span> <span class='ocrx_word' id='word_1_189' title='bbox 556 2672 672 2752; x_wconf 82' lang='lat' dir='ltr'>misere</span> <span class='ocrx_word' id='word_1_190' title='bbox 692 2672 897 2753; x_wconf 76' lang='lat' dir='ltr'>cohaerentia</span> <span class='ocrx_word' id='word_1_191' title='bbox 911 2675 990 2752; x_wconf 86' lang='lat' dir='ltr'>ossa.</span> <span class='ocrx_word' id='word_1_192' title='bbox 1041 2684 1123 2765; x_wconf 66' lang='lat' dir='ltr'>Ani,</span> 
     </span>
     <span class='ocr_line' id='line_1_25' title="bbox 140 2775 1121 2949; baseline 0.001 -96"><span class='ocrx_word' id='word_1_193' title='bbox 140 2776 235 2871; x_wconf 75' lang='lat' dir='ltr'>„nius</span> <span class='ocrx_word' id='word_1_194' title='bbox 253 2805 330 2850; x_wconf 89' lang='lat' dir='ltr'>vero</span> <span class='ocrx_word' id='word_1_195' title='bbox 344 2805 410 2946; x_wconf 59' lang='lat' dir='ltr'>Xer</span> <span class='ocrx_word' id='word_1_196' title='bbox 424 2785 535 2849; x_wconf 89' lang='lat' dir='ltr'>omnia</span> <span class='ocrx_word' id='word_1_197' title='bbox 552 2775 668 2851; x_wconf 80' lang='lat' dir='ltr'>firmus</span> <span class='ocrx_word' id='word_1_198' title='bbox 690 2798 767 2867; x_wconf 86' lang='lat' dir='ltr'>erat,</span> <span class='ocrx_word' id='word_1_199' title='bbox 791 2775 852 2851; x_wconf 77' lang='lat' dir='ltr'>nili</span> <span class='ocrx_word' id='word_1_200' title='bbox 867 2775 955 2877; x_wconf 91' lang='lat' dir='ltr'>quod</span> <span class='ocrx_word' id='word_1_201' title='bbox 972 2805 1034 2949; x_wconf 66' lang='lat' dir='ltr'>qao</span> <span class='ocrx_word' id='word_1_202' title='bbox 1056 2783 1121 2854; x_wconf 85' lang='lat' dir='ltr'>hac</span> 
     </span>
    </p>
   </div>
   <div class='ocr_carea' id='block_1_3' title="bbox 50 2872 1219 3973">
    <p class='ocr_par' dir='ltr' id='par_1_6' title="bbox 136 2872 1216 3478">
     <span class='ocr_line' id='line_1_26' title="bbox 140 2872 1216 2975; baseline 0 -24"><span class='ocrx_word' id='word_1_203' title='bbox 140 2907 227 2975; x_wconf 80' lang='lat' dir='ltr'>„una</span> <span class='ocrx_word' id='word_1_204' title='bbox 241 2904 277 2949; x_wconf 86' lang='lat' dir='ltr'>re</span> <span class='ocrx_word' id='word_1_205' title='bbox 293 2876 341 2947; x_wconf 83' lang='lat' dir='ltr'>val</span> <span class='ocrx_word' id='word_1_206' title='bbox 367 2872 552 2949; x_wconf 85' lang='lat' dir='ltr'>esollicitus</span> <span class='ocrx_word' id='word_1_207' title='bbox 566 2903 669 2966; x_wconf 87' lang='lat' dir='ltr'>eram,</span> <span class='ocrx_word' id='word_1_208' title='bbox 679 2907 721 2951; x_wconf 89' lang='lat' dir='ltr'>ne</span> <span class='ocrx_word' id='word_1_209' title='bbox 733 2883 865 2975; x_wconf 89' lang='lat' dir='ltr'>optimo</span> <span class='ocrx_word' id='word_1_210' title='bbox 881 2883 960 2973; x_wconf 83' lang='lat' dir='ltr'>patri</span> <span class='ocrx_word' id='word_1_211' title='bbox 992 2878 1118 2951; x_wconf 78' lang='lat' dir='ltr'>emiliae</span> <span class='ocrx_word' id='word_1_212' title='bbox 1213 2958 1216 2963; x_wconf 51' lang='grc'>,</span> 
     </span>
     <span class='ocr_line' id='line_1_27' title="bbox 139 2976 1149 3080; baseline 0.004 -30"><span class='ocrx_word' id='word_1_213' title='bbox 139 2984 336 3080; x_wconf 80' lang='lat' dir='ltr'>„quicquam</span> <span class='ocrx_word' id='word_1_214' title='bbox 351 2996 530 3047; x_wconf 79' lang='lat' dir='ltr'>remaneret</span> <span class='ocrx_word' id='word_1_215' title='bbox 544 2983 579 3049; x_wconf 91' lang='lat' dir='ltr'>in</span> <span class='ocrx_word' id='word_1_216' title='bbox 594 3004 675 3073; x_wconf 77' lang='lat' dir='ltr'>agro</span> <span class='ocrx_word' id='word_1_217' title='bbox 689 3005 758 3048; x_wconf 88' lang='lat' dir='ltr'>non</span> <span class='ocrx_word' id='word_1_218' title='bbox 769 2976 963 3064; x_wconf 82' lang='lat' dir='ltr'>demessum,</span> <span class='ocrx_word' id='word_1_219' title='bbox 976 3003 1049 3052; x_wconf 85' lang='lat' dir='ltr'>ante</span> <span class='ocrx_word' id='word_1_220' title='bbox 1065 3008 1118 3054; x_wconf 87' lang='lat' dir='ltr'>ve·</span> <span class='ocrx_word' id='word_1_221' title='bbox 1144 3060 1149 3067; x_wconf 56' lang='grc'>,</span> 
     </span>
     <span class='ocr_line' id='line_1_28' title="bbox 139 3072 1116 3174; baseline 0.003 -25"><span class='ocrx_word' id='word_1_222' title='bbox 139 3086 307 3172; x_wconf 79' lang='lat' dir='ltr'>„nientem</span> <span class='ocrx_word' id='word_1_223' title='bbox 323 3078 490 3167; x_wconf 81' lang='lat' dir='ltr'>hyemem.</span> <span class='ocrx_word' id='word_1_224' title='bbox 528 3072 1010 3174; x_wconf 80' lang='lat' dir='ltr'>Dumquenuncsollicitudine,</span> <span class='ocrx_word' id='word_1_225' title='bbox 1026 3106 1116 3152; x_wconf 91' lang='lat' dir='ltr'>nunc</span> 
     </span>
     <span class='ocr_line' id='line_1_29' title="bbox 137 3171 1115 3278; baseline 0.002 -29"><span class='ocrx_word' id='word_1_226' title='bbox 137 3178 214 3278; x_wconf 80' lang='lat' dir='ltr'>„spe</span> <span class='ocrx_word' id='word_1_227' title='bbox 230 3180 459 3274; x_wconf 85' lang='lat' dir='ltr'>memetipsum</span> <span class='ocrx_word' id='word_1_228' title='bbox 476 3193 529 3247; x_wconf 90' lang='lat' dir='ltr'>aut</span> <span class='ocrx_word' id='word_1_229' title='bbox 543 3171 724 3247; x_wconf 86' lang='lat' dir='ltr'>afflictoaut</span> <span class='ocrx_word' id='word_1_230' title='bbox 736 3181 840 3274; x_wconf 82' lang='lat' dir='ltr'>erigo⁷</span> <span class='ocrx_word' id='word_1_231' title='bbox 864 3197 941 3251; x_wconf 86' lang='lat' dir='ltr'>artat</span> <span class='ocrx_word' id='word_1_232' title='bbox 952 3173 1058 3251; x_wconf 92' lang='lat' dir='ltr'>subito</span> <span class='ocrx_word' id='word_1_233' title='bbox 1075 3174 1115 3251; x_wconf 89' lang='lat' dir='ltr'>il·</span> 
     </span>
     <span class='ocr_line' id='line_1_30' title="bbox 136 3270 1185 3373; baseline 0 -22"><span class='ocrx_word' id='word_1_234' title='bbox 136 3282 191 3369; x_wconf 82' lang='lat' dir='ltr'>„le</span> <span class='ocrx_word' id='word_1_235' title='bbox 207 3305 301 3349; x_wconf 85' lang='lat' dir='ltr'>meus</span> <span class='ocrx_word' id='word_1_236' title='bbox 315 3275 466 3349; x_wconf 91' lang='lat' dir='ltr'>liberator</span> <span class='ocrx_word' id='word_1_237' title='bbox 481 3302 521 3347; x_wconf 85' lang='lat' dir='ltr'>ex</span> <span class='ocrx_word' id='word_1_238' title='bbox 538 3296 650 3349; x_wconf 88' lang='lat' dir='ltr'>eremo</span> <span class='ocrx_word' id='word_1_239' title='bbox 663 3271 884 3373; x_wconf 83' lang='lat' dir='ltr'>scopulorum,</span> <span class='ocrx_word' id='word_1_240' title='bbox 901 3274 1017 3350; x_wconf 88' lang='lat' dir='ltr'>ductor</span> <span class='ocrx_word' id='word_1_241' title='bbox 1029 3270 1115 3353; x_wconf 82' lang='lat' dir='ltr'>fide.</span> <span class='ocrx_word' id='word_1_242' title='bbox 1181 3272 1185 3277; x_wconf 36' lang='lat'><strong><em>⁴</em></strong></span> 
     </span>
     <span class='ocr_line' id='line_1_31' title="bbox 136 3372 1114 3478; baseline -0.004 -23"><span class='ocrx_word' id='word_1_243' title='bbox 136 3376 304 3469; x_wconf 79' lang='lat' dir='ltr'>„lisfimue</span> <span class='ocrx_word' id='word_1_244' title='bbox 354 3379 431 3446; x_wconf 89' lang='lat' dir='ltr'>Erat</span> <span class='ocrx_word' id='word_1_245' title='bbox 448 3402 523 3448; x_wconf 92' lang='lat' dir='ltr'>cum</span> <span class='ocrx_word' id='word_1_246' title='bbox 538 3401 579 3449; x_wconf 88' lang='lat' dir='ltr'>eo</span> <span class='ocrx_word' id='word_1_247' title='bbox 598 3374 679 3447; x_wconf 83' lang='lat' dir='ltr'>aliua</span> <span class='ocrx_word' id='word_1_248' title='bbox 698 3372 832 3474; x_wconf 78' lang='lat' dir='ltr'>quidam</span> <span class='ocrx_word' id='word_1_249' title='bbox 847 3376 1040 3478; x_wconf 84' lang='lat' dir='ltr'>Apostolico</span> <span class='ocrx_word' id='word_1_250' title='bbox 1055 3381 1114 3451; x_wconf 85' lang='lat' dir='ltr'>ha·</span> 
     </span>
    </p>

    <p class='ocr_par' dir='ltr' id='par_1_7' title="bbox 50 3469 1219 3878">
     <span class='ocr_line' id='line_1_32' title="bbox 50 3469 1112 3580; baseline -0.001 -29"><span class='ocrx_word' id='word_1_251' title='bbox 50 3512 53 3521; x_wconf 94' lang='lat'>·</span> <span class='ocrx_word' id='word_1_252' title='bbox 135 3481 225 3575; x_wconf 71' lang='lat' dir='ltr'>„bitu</span> <span class='ocrx_word' id='word_1_253' title='bbox 240 3496 272 3549; x_wconf 87' lang='lat' dir='ltr'>et</span> <span class='ocrx_word' id='word_1_254' title='bbox 288 3474 388 3567; x_wconf 86' lang='lat' dir='ltr'>vultu,</span> <span class='ocrx_word' id='word_1_255' title='bbox 417 3495 452 3546; x_wconf 92' lang='lat' dir='ltr'>ut</span> <span class='ocrx_word' id='word_1_256' title='bbox 463 3469 568 3549; x_wconf 86' lang='lat' dir='ltr'>solent</span> <span class='ocrx_word' id='word_1_257' title='bbox 588 3479 725 3575; x_wconf 83' lang='lat' dir='ltr'>pingere</span> <span class='ocrx_word' id='word_1_258' title='bbox 740 3472 906 3550; x_wconf 82' lang='lat' dir='ltr'>Andream</span> <span class='ocrx_word' id='word_1_259' title='bbox 925 3499 979 3552; x_wconf 84' lang='lat' dir='ltr'>aut</span> <span class='ocrx_word' id='word_1_260' title='bbox 992 3477 1112 3580; x_wconf 87' lang='lat' dir='ltr'>Philip-</span> 
     </span>
     <span class='ocr_line' id='line_1_33' title="bbox 135 3573 1130 3680; baseline 0.006 -32"><span class='ocrx_word' id='word_1_261' title='bbox 135 3605 250 3680; x_wconf 66' lang='lat' dir='ltr'>„pum</span> <span class='ocrx_word' id='word_1_262' title='bbox 300 3575 348 3645; x_wconf 87' lang='lat' dir='ltr'>lbi</span> <span class='ocrx_word' id='word_1_263' title='bbox 363 3573 476 3645; x_wconf 89' lang='lat' dir='ltr'>ductor</span> <span class='ocrx_word' id='word_1_264' title='bbox 489 3603 579 3649; x_wconf 83' lang='lat' dir='ltr'>meus</span> <span class='ocrx_word' id='word_1_265' title='bbox 597 3600 652 3648; x_wconf 88' lang='lat' dir='ltr'>me</span> <span class='ocrx_word' id='word_1_266' title='bbox 664 3575 803 3649; x_wconf 86' lang='lat' dir='ltr'>multum</span> <span class='ocrx_word' id='word_1_267' title='bbox 822 3596 853 3649; x_wconf 89' lang='lat' dir='ltr'>et</span> <span class='ocrx_word' id='word_1_268' title='bbox 863 3575 1005 3673; x_wconf 77' lang='lat' dir='ltr'>jucundo</span> <span class='ocrx_word' id='word_1_269' title='bbox 1019 3579 1113 3654; x_wconf 84' lang='lat' dir='ltr'>vultu</span> <span class='ocrx_word' id='word_1_270' title='bbox 1127 3638 1130 3643; x_wconf 76' lang='lat'><em>,</em></span> 
     </span>
     <span class='ocr_line' id='line_1_34' title="bbox 136 3670 1219 3777; baseline 0.004 -27"><span class='ocrx_word' id='word_1_271' title='bbox 136 3702 190 3768; x_wconf 80' lang='lat' dir='ltr'>„ot</span> <span class='ocrx_word' id='word_1_272' title='bbox 205 3673 299 3764; x_wconf 83' lang='lat' dir='ltr'>hilari</span> <span class='ocrx_word' id='word_1_273' title='bbox 313 3699 394 3765; x_wconf 79' lang='lat' dir='ltr'>uoce</span> <span class='ocrx_word' id='word_1_274' title='bbox 415 3670 648 3749; x_wconf 85' lang='lat' dir='ltr'>consolabatur.</span> <span class='ocrx_word' id='word_1_275' title='bbox 697 3676 852 3777; x_wconf 89' lang='lat' dir='ltr'>Dumque</span> <span class='ocrx_word' id='word_1_276' title='bbox 873 3677 969 3752; x_wconf 90' lang='lat' dir='ltr'>illum</span> <span class='ocrx_word' id='word_1_277' title='bbox 990 3698 1112 3754; x_wconf 82' lang='lat' dir='ltr'>attente</span> <span class='ocrx_word' id='word_1_278' title='bbox 1212 3687 1219 3697; x_wconf 90' lang='lat'>&#39;</span> 
     </span>
     <span class='ocr_line' id='line_1_35' title="bbox 134 3771 1170 3878; baseline 0.009 -32"><span class='ocrx_word' id='word_1_279' title='bbox 134 3778 276 3871; x_wconf 5' lang='lat' dir='ltr'>‚,audioq‚</span> <span class='ocrx_word' id='word_1_280' title='bbox 292 3771 394 3865; x_wconf 17' lang='lat' dir='ltr'>‘video</span> <span class='ocrx_word' id='word_1_281' title='bbox 416 3777 596 3874; x_wconf 83' lang='lat' dir='ltr'>imaginem</span> <span class='ocrx_word' id='word_1_282' title='bbox 616 3773 765 3851; x_wconf 82' lang='lat' dir='ltr'>crucifixi</span> <span class='ocrx_word' id='word_1_283' title='bbox 784 3780 922 3866; x_wconf 79' lang='lat' dir='ltr'>Chrini,</span> <span class='ocrx_word' id='word_1_284' title='bbox 952 3784 987 3851; x_wconf 89' lang='lat' dir='ltr'>in</span> <span class='ocrx_word' id='word_1_285' title='bbox 1008 3806 1110 3878; x_wconf 90' lang='lat' dir='ltr'>quem</span> <span class='ocrx_word' id='word_1_286' title='bbox 1167 3830 1170 3835; x_wconf 58' lang='lat'>&lt;</span> 
     </span>
    </p>

    <p class='ocr_par' dir='ltr' id='par_1_8' title="bbox 64 3869 1109 3973">
     <span class='ocr_line' id='line_1_36' title="bbox 64 3869 1109 3973; baseline 0.007 -26"><span class='ocrx_word' id='word_1_287' title='bbox 64 3942 66 3947; x_wconf 13' lang='grc' dir='ltr'><em>Α</em></span> <span class='ocrx_word' id='word_1_288' title='bbox 137 3883 321 3973; x_wconf 53' lang='lat' dir='ltr'>„wiceton</span> <span class='ocrx_word' id='word_1_289' title='bbox 332 3870 514 3971; x_wconf 82' lang='lat' dir='ltr'>fueramin</span> <span class='ocrx_word' id='word_1_290' title='bbox 528 3869 633 3965; x_wconf 82' lang='lat' dir='ltr'>fonte,</span> <span class='ocrx_word' id='word_1_291' title='bbox 657 3901 741 3953; x_wconf 84' lang='lat' dir='ltr'>recta</span> <span class='ocrx_word' id='word_1_292' title='bbox 763 3905 803 3952; x_wconf 83' lang='lat' dir='ltr'>ex</span> <span class='ocrx_word' id='word_1_293' title='bbox 821 3875 953 3952; x_wconf 85' lang='lat' dir='ltr'>adversa</span> <span class='ocrx_word' id='word_1_294' title='bbox 965 3878 1053 3968; x_wconf 85' lang='lat' dir='ltr'>lecti,</span> <span class='ocrx_word' id='word_1_295' title='bbox 1071 3885 1109 3954; x_wconf 88' lang='lat' dir='ltr'>in</span> 
     </span>
    </p>
   </div>
   <div class='ocr_carea' id='block_1_4' title="bbox 0 0 1242 4552">
    <p class='ocr_par' dir='ltr' id='par_1_9' title="bbox 0 0 1242 4552">
     <span class='ocr_line' id='line_1_37' title="bbox 0 0 1242 4552; baseline 0 11"><span class='ocrx_word' id='word_1_296' title='bbox 0 0 1242 4552; x_wconf 95' lang='lat' dir='ltr'> </span> 
     </span>
    </p>
   </div>
  </div>
 </body>
</html>
