2474 4552
95 342 105 397 .·
174 295 223 369 aa

177 426 311 498 lutheri
332 420 522 495 valetudinis
547 446 638 511 causa
659 428 802 521 primum
819 425 1017 511 Grirnrnam,
1040 418 1165 494 deinde

179 514 583 622 Viteberganr=tr·arrslatus
603 532 658 592 est.
708 525 752 593 Et
772 550 872 621 quum
894 526 1078 612 Myconius
1096 529 1165 619 ipse
1186 524 1189 529 ’

131 612 139 661 ·.
165 612 216 705 ,id
233 611 333 695 literis
356 622 399 694 ad
412 626 526 693 Viturn
539 621 732 708 Ditericum,
758 623 1079 719 Norimbergensem
1110 625 1166 699 Pa·

108 804 111 809 ,
149 708 155 726 ’
180 743 315 809 storem,
335 719 415 793 datis
432 722 526 792 latius
547 727 735 819 exposuerit
750 747 797 807 ca,
822 749 904 819 quae
924 726 991 792 hoc
1005 727 1040 792 in
1056 721 1166 792 collo-

181 828 261 921 quio
280 841 348 894 acta
369 841 400 893 et
425 819 596 919 disceptata
623 825 701 906 sint,
733 840 900 918 quumque
924 824 1005 892 haec
1028 845 1165 919 quoque

138 923 141 933 ’
181 921 318 1019 epistola
328 918 416 992 haud
429 921 562 1018 vulgare
577 923 732 1012 Myconii
746 926 916 1018 ingenium
931 940 1071 1006 testetur,
1081 941 1165 992 tem·

180 1047 292 1120 parare
307 1024 388 1092 mihi
402 1047 471 1092 non
487 1025 590 1118 potui,
616 1025 695 1119 quin
712 1047 815 1119 aeque
833 1049 870 1091 ac
885 1020 987 1105 illam,
1014 1047 1100 1116 quae
1115 1047 1166 1091 su·

161 1200 164 1206 A
181 1145 238 1220 pra
253 1148 286 1218 p.
298 1124 346 1194 10
358 1116 425 1219 sqq.
440 1120 567 1218 legitur,
591 1140 692 1190 totam
707 1125 883 1192 narrationi
898 1146 992 1191 meae
1006 1147 1046 1190 ex
1062 1125 1165 1191 histo·

180 1226 247 1293 riae
265 1224 435 1292 Gothaoae
455 1220 685 1318 supplemento
706 1226 802 1293 tertio
819 1247 852 1319 p.
879 1223 963 1302 114.
979 1216 1048 1317 sqq.
1066 1224 1165 1292 inter·

163 1413 165 1417 ἢ
181 1334 342 1421 ponerem
358 1315 475 1415 (fffi).

280 1509 335 1594 „O
359 1510 442 1578 timo
466 1525 497 1576 et
516 1503 653 1576 Doctiss.
671 1507 712 1575 V.
726 1506 868 1577 M.⁴Vito
882 1484 1041 1592 Dietrich,
1063 1503 1107 1576 ad
1122 1509 1165 1579 D.

121 1607 137 1681 .’
232 1532 407 1708 Sebaldum
423 1606 647 1710 Nurmbergae
660 1609 782 1704 pastori
800 1610 913 1678 ovium
929 1610 1063 1691 Christi,
1083 1613 1165 1689 ami-

232 1733 273 1778 co
297 1733 356 1778 suo
377 1733 467 1778 vero.
910 1732 914 1741 ¹

183 1811 329 1881 Gratiam
346 1827 376 1879 et
389 1833 502 1904 pacem
542 1832 576 1877 er
591 1808 767 1896 Christum.
817 1808 936 1877 Literas
949 1826 1015 1878 tuas
1029 1810 1076 1877 mi
1094 1809 1166 1878 Do·

182 1905 321 1980 'ctissime
333 1926 367 1978 et
381 1832 589 1979 Ornatisdine
602 1907 643 1977 D.
659 1909 745 1990 Vite,
768 1905 886 1977 obtulit
900 1911 983 1977 mihi
995 1903 1166 1978 flidncrus

185 2010 263 2077 civis
283 2028 413 2092 noster,
452 2004 554 2076 simul
577 2000 716 2075 efferens
737 2010 772 2076 iu
793 2005 926 2078 coelum
954 2034 1030 2078 cum
1055 2025 1164 2092 tuam,

184 2125 255 2177 tum
269 2101 409 2177 aliorum
433 2131 509 2202 erga
526 2130 560 2174 se
578 2102 781 2178 voluntatem
797 2105 928 2177 bonam.
979 2110 1022 2180 Et
1043 2133 1111 2203 ago
1129 2115 1178 2198 ri-¹

185 2207 218 2276 bi
233 2210 392 2303 imprimis
416 2205 542 2301 gratias,
565 2200 654 2302 quod
677 2207 764 2275 hunc
782 2202 820 2275 ad
839 2211 982 2287 amicum
1002 2206 1164 2278 scribendi

183 2303 331 2378 laborem
353 2306 484 2390 subiisti,
510 2324 541 2374 et
563 2323 642 2400 opto
665 2325 699 2374 ut
713 2307 780 2376 hoc
799 2330 930 2403 quoque
952 2304 1078 2376 donum
1097 2313 1166 2378 Do·

184 2408 268 2478 mini
288 2404 345 2474 tibi
371 2424 561 2502 perpetuum
577 2408 629 2473 sit.
645 2404 745 2475 Multi
761 2410 849 2474 eninr
864 2400 963 2476 hodie
977 2428 1049 2476 suut
1064 2413 1163 2478 eriam

186 2530 228 2575 ex
244 2500 504 2576 doctissimorum
512 2529 664 2589 numero,
679 2509 732 2601 qui
747 2501 830 2576 adeo
845 2524 987 2602 torpent,
1013 2528 1046 2576 ut
1062 2513 1115 2578 uin
1127 2510 1164 2579 li·

108 2630 111 2635 ·
185 2609 260 2676 teris
275 2602 417 2704 oppressi
435 2630 550 2675 vocem
566 2601 713 2688 reddant,
739 2602 795 2675 sed
813 2626 845 2677 tu
855 2608 1035 2676 Lutherum
1045 2612 1163 2679 etPhi·

86 2699 89 2707 ’
185 2703 331 2802 lippum,
363 2708 467 2776 Patres
487 2726 518 2776 et
539 2709 763 2801 Praeceptores
788 2725 935 2791 nostros,
967 2708 1184 2801 imitaberis,

186 2804 242 2902 qui
259 2829 357 2902 quarn
371 2809 434 2875 sint
451 2809 485 2875 in
498 2808 563 2876 hoc
578 2798 694 2877 officio
712 2803 842 2891 alacres,
868 2810 965 2877 nosti.

284 2989 511 3061 Deconventu
534 3009 647 3060 nostro
669 2989 892 3087 Witebergae,
919 2986 960 3062 de
985 3018 1051 3089 quo
1073 2994 1162 3086 jubes

186 3117 242 3165 me
255 3091 316 3162 tibi.
335 3093 447 3160 omnia
467 3089 615 3176 scribare,
640 3114 825 3187 quanquam
845 3091 928 3164 nihil
948 3089 1104 3176 dubitem,
1132 3115 1163 3166 te

188 3217 230 3263 ex
247 3188 541 3287 Reutlingensibus,
555 3194 609 3286 qui
623 3215 753 3286 parvos
774 3186 816 3260 ad
837 3216 915 3264 suos
933 3191 1108 3279 redierunt,
1130 3217 1161 3268 et

155 3320 158 3327 ⁴
187 3317 229 3362 ex
247 3290 316 3362 aliis
342 3293 454 3360 onmia
475 3283 638 3359 didicisse:
664 3309 774 3361 tamen
798 3317 841 3362 ne
863 3292 920 3363 tibi
942 3289 1022 3363 desit
1047 3320 1159 3365 meum

187 3389 346 3478 officium,
372 3411 403 3460 et
429 3408 517 3461 certo
536 3393 838 3489 experiaremeum
857 3396 893 3462 in
913 3411 944 3464 te
963 3389 1104 3464 studium
1129 3414 1160 3465 et

191 3608 193 3612 -
222 3569 247 3639 (f
254 3569 299 3638 ff.)
316 3568 411 3624 Edidit
428 3571 510 3624 etiam
530 3569 601 3624 hanc
620 3569 765 3642 epistolam
786 3570 962 3626 laureolam
981 3575 1158 3630 Sclncccorns

253 3655 327 3693 anno
343 3641 405 3691 1581
422 3656 484 3691 cum
518 3639 669 3692 metatione
687 3641 862 3694 memorabili
883 3642 919 3695 ad
933 3642 1045 3695 Petrum
1062 3647 1159 3699 Uinio-

251 3707 325 3771 rinn,
342 3707 477 3759 Abbatem
491 3657 669 3776 dergensem.
699 3709 862 3763 Germanico
882 3729 960 3765 uorsa
977 3721 1061 3766 exstat
1075 3716 1177 3768 'tanne

234 3806 237 3810 Δ
252 3776 296 3833 Vl.
312 3775 365 3827 Ait.
379 3775 425 3827 sol.
442 3777 512 3831 1050.
529 3785 555 3827 ot
569 3774 641 3846 seqq.
657 3786 684 3830 et
695 3779 725 3832 in
736 3776 798 3832 hist.
813 3783 986 3847 Angustanoc
1007 3782 1158 3839 contiuno„

254 3845 306 3906 nis,
323 3861 405 3914 (quiam
418 3842 492 3894 idom
504 3843 537 3900 D.
553 3843 729 3900 Selnoccerus
751 3865 813 3901 oum
833 3847 869 3899 Ι).
890 3847 1036 3901 Timotheo
1056 3853 1158 3908 Kirch-

254 3931 323 3963 naro
348 3921 374 3961 vt
397 3912 519 3964 Martino
542 3911 698 3966 Chonrnitio
720 3933 794 3968 anno
826 3918 899 3972 1585.
928 3921 1100 3988 composuit,
1124 3923 1158 3976 cl'.
1202 3963 1205 3969 .

255 3979 388 4036 Scckend.
401 3981 418 4044 l,
431 3998 454 4031 c.
467 3978 527 4033 Lib.
539 3980 576 4036 111
592 3979 655 4040 scc't·
671 3985 711 4039 15.
725 3984 740 4051 ᾗ
752 3983 856 4048 vatt,
868 4002 972 4060 P·''¹²9·
