2474 4552
584 218 587 233 ,
636 198 650 227 l

1071 332 1119 406 59

141 458 207 536 teta
228 478 351 533 tantum
379 463 498 558 Capito
522 476 552 531 et
564 461 712 531 Bucerus.
762 458 810 529 lbi
834 484 910 531 curn
923 452 1120 536 sedissemus,

102 614 110 647 ,
141 585 173 637 et
186 561 297 657 datum
313 565 436 632 Bucerb
455 553 534 630 esset
546 556 584 628 ad
602 585 650 648 ea,
667 583 748 657 quae
763 559 920 655 Lutherus
933 582 1122 657 mane'pro·

111 682 123 710 ³
143 655 300 764 posuisset
326 655 545 758 respondendi
560 657 725 730 officium:
752 658 812 730 -ille
829 659 930 757 longa
953 678 984 731 et
1008 658 1122 730 verbo·

136 760 265 835 ''sissuna
283 766 431 832 oratione
448 764 591 856 primum
618 762 778 857 exposuit,
800 784 833 829 se
855 784 913 830 suo
936 778 967 831 et
979 740 1121 830 alio‘rum

146 866 284 957 nomine
298 857 440 959 gaudere
456 861 496 929 de
511 861 577 930 hoc
592 879 767 944 conventu,
790 877 821 930 et
839 855 928 957 quod
943 859 1001 930 sibi
1016 861 1122 930 Wite-

147 965 265 1060 bergas
280 964 383 1058 tnagis
407 974 504 1057 quam
525 958 691 1030 aiioioco
713 955 841 1030 daretur
861 984 935 1028 suae
948 961 1124 1029 sententiae

118 1103 119 1106 ¹
144 1058 357 1159 explicandae
379 1054 607 1130 commoditas.
662 1054 789 1128 Deinde
812 1059 987 1141 recensuit,
1035 1083 1123 1129 uern-

145 1157 329 1234 udmodum
346 1176 417 1230 toto
431 1162 571 1228 triennio
591 1177 644 1228 aut
660 1153 875 1255 quadriennio
890 1083 1070 1243 laborasiet,
1090 1173 1125 1228 ut

104 1300 110 1309 ¹
145 1262 265 1334 omnes
280 1263 314 1330 in
337 1280 440 1330 unum
459 1282 568 1328 ‘rursus
590 1283 707 1353 corpus
728 1253 917 1341 rediremus,
944 1278 1038 1354 atque
1054 1283 1127 1327 ean·
1178 1280 1184 1291 ·

146 1357 225 1433 detu
239 1356 279 1430 de
295 1361 493 1430 Euclturistia
519 1361 709 1428 seutentiam
733 1352 973 1440 conferremus,
995 1352 1128 1426 docere·

145 1483 293 1559 tuusque.
344 1461 429 1532 Item
456 1460 675 1528 oeconomiae
704 1457 943 1537 Ecclesiasticus
965 1461 1127 1527 rationem

147 1581 180 1635 et
194 1555 342 1634 formant
358 1553 496 1628 eundem
514 1561 709 1627 unanimiter
731 1561 1007 1628 constitueremus.

248 1760 612 1872 Respondittunerus
636 1796 670 1840 se
683 1769 765 1840 nihil
785 1792 850 1841 tam
877 1795 1003 1869 cupere,
1031 1794 1128 1868 qnam

150 1892 186 1948 ut
200 1899 286 1957 veru,
310 1866 416 1940 solida
432 1892 462 1940 et
478 1868 571 1939 firtna
589 1874 671 1940 inter
687 1896 747 1940 nos
765 1875 979 1942 restitueretur
993 1895 1130 1941 concor·
1232 1941 1235 1945 .

151 1973 214 2048 dia.
263 1977 386 2043 Verum
404 1967 482 2040 dunt
500 1965 692 2068 prodiissent
703 1970 793 2040 'iilius
807 1959 962 2040 consensu
985 1967 1036 2040 vel
1053 1962 1131 2065 ope·

149 2102 185 2147 ru
210 2069 365 2170 epistolae
386 2069 544 2168 Zuuingiii
569 2089 601 2141 et
629 2068 896 2168 Oecoiumpadii,
952 2097 1010 2140 nac
1030 2069 1131 2140 muita

150 2169 341 2273 impiisstma
362 2167 517 2269 dogmata
538 2167 725 2268 vulgarent,
752 2162 782 2240 ‘et
804 2168 867 2240 iilis
891 2095 970 2242 sciet
984 2167 1136 2267 praefixa,

144 2277 264 2352 'Buceri
285 2270 441 2369 Epistola,
466 2290 497 2341 et
517 2266 635 2340 deinde
658 2269 710 2340 aiii
735 2268 849 2355 libelii,
874 2271 986 2368 quibus
1001 2296 1036 2339 en
1056 2264 1132 2360 doe·

151 2371 246 2459 iriua,
262 2396 360 2471 quarn
376 2397 450 2468 cum
467 2368 633 2467 Apostoiis
648 2392 678 2441 ct
694 2369 826 2441 ecclesia
842 2365 1059 2456 defendimus,
1074 2372 1134 2439 im·

175 2492 333 2573 ugnutur:
358 2497 428 2542 non
440 2467 533 2567 posse
545 2466 656 2543 ridere
671 2494 715 2554 se,
741 2466 915 2567 quomodo
928 2461 1021 2541 firma
1040 2488 1071 2539 st
1084 2494 1135 2539 so·

114 2633 122 2646 ,
152 2500 218 2648 iida
234 2565 341 2672 posset
353 2568 422 2639 fieri
438 2565 615 2639 concordia
631 2571 715 2639 inter
727 2591 792 2639 tarn
806 2574 965 2639 contraria
983 2568 1135 2638 docentes

155 2695 186 2749 et
200 2690 366 2754 conantes,
391 2666 471 2739 dum
488 2666 612 2737 scilicet
628 2664 714 2736 aliud
732 2669 784 2735 hic
798 2693 910 2737 corant
926 2665 1040 2738 dicturi
1057 2661 1136 2738 ess·

148 2799 232 2849 snus
248 2793 282 2853 et¹
294 2765 442 2842 audituri.
480 2770 599 2838 Rursus
614 2770 704 2857 hujus
720 2763 882 2836 diuersum
901 2790 932 2839 et
946 2767 1042 2867 piane
1058 2779 1137 2838 cott-¹

157 2877 290 2946 starium
313 2869 402 2942 libris
429 2867 490 2939 iilis
511 2886 666 2964 ageretur.
719 2871 772 2938 Au
795 2869 825 2936 id
848 2863 934 2942 forte
957 2865 1010 2947 ide
1053 2856 1137 2939 face·

157 2992 240 3058 rent,
252 2986 254 2991 ⁴
266 2976 340 3071 quia
360 2996 435 3040 vere
450 2992 481 3038 et
495 2994 536 3038 ex
550 2965 651 3063 corde
664 2995 682 3036 a
698 2989 806 3039 nostra
821 2976 976 3041 sententia
1071 2992 1139 3038 rae·

160 3077 264 3146 sentia
286 3073 433 3169 corporis
456 3071 577 3140 Christi
601 3063 820 3156 dissentirent:
849 3067 901 3141 uel
929 3065 1016 3140 forte
1044 2994 1138 3137 domi

159 3199 235 3246 non
254 3170 366 3243 liceret
388 3168 452 3239 iliis
474 3168 608 3268 propter
629 3163 778 3238 furorem
797 3166 917 3241 seducti
942 3166 1030 3267 vulgi
1051 3161 1139 3245 aliud

159 3271 281 3356 fucere,
307 3274 367 3368 ipsi
383 3266 555 3359 viderentt
577 3268 644 3338 Sibi
663 3273 766 3364 tnagis
780 3265 998 3342 commodum
1016 3262 1082 3339 esse
1095 3269 1141 3338 vi·

161 3372 245 3456 deri,
277 3388 310 3440 ut
332 3389 424 3440 causa
445 3373 480 3439 in
504 3394 546 3439 eo
566 3366 644 3438 loco
669 3386 700 3436 et
725 3385 824 3443 statu,
850 3393 917 3466 quo
937 3395 1024 3439 nunc
1045 3362 1141 3456 esset,

161 3491 330 3557 maneret,
361 3494 460 3568 quam
481 3489 517 3539 ut
543 3471 650 3566 specie
675 3465 781 3562 aliqua
804 3461 910 3539 fucata
927 3456 970 3541 'et
996 3464 1143 3541 fitnuiittu

106 3572 111 3666 ᾗ
145 3565 486 3644 ›concordis'causarn
498 3594 556 3664 per
572 3592 605 3637 se
622 3563 742 3636 maium
757 3561 901 3641 facerent
919 3569 1073 3668 centuplo
1090 3564 1144 3638 de·

148 3668 332 3757 tesimeni,
356 3690 463 3769 neque
482 3671 569 3739 ertim
582 3666 634 3737 vei
652 3684 769 3738 coecos
784 3667 834 3740 'vei
854 3667 1000 3769 elingues
1019 3665 1146 3740 futuros

162 3789 324 3872 posteros,
347 3773 403 3868 qui
417 3773 505 3840 hunc
525 3761 638 3838 fucum
660 3761 832 3840 senentes
854 3795 925 3844 uon
946 3768 1145 3867 detegerent.

110 3958 114 3975 Ι
164 3872 208 3944 Et
225 3875 252 3941 si
268 3869 431 3942 mundum
450 3864 566 3963 fallere
585 3860 764 3964 possemus,
790 3873 862 3969 quis
884 3864 1012 3956 falleret
1031 3863 1147 3940 oculos

165 3992 301 4046 etentes
318 3973 458 4050 Domini
474 3970 587 4047 onmia
608 3962 792 4040 audientis?
1096 3988 1106 4001 “·
