2474 4552
113 397 147 482 si
169 410 325 479 institutio
348 424 380 475 et
405 402 501 474 uerba
529 398 650 475 Christi
674 409 965 501 cerm-ntpereutur.
1017 397 1104 468 Vere

122 515 223 588 etiarn
237 510 320 579 sumi
342 531 459 600 comus
478 524 509 574 ct
529 508 725 601 sanguinem
747 507 877 589 Christi,
902 497 1045 575 naturale
1069 495 1106 568 il·

119 608 190 695 lud,
216 606 418 678 substantiale
433 625 576 674 etc.=n0n
594 608 717 674 tantum
737 601 848 688 corde,
863 601 918 673 sed
935 609 1030 674 etiam
1049 617 1107 676 ote

120 699 335 801 sumentium,
359 711 414 802 qui
443 701 554 801 digne,
580 701 620 773 ad
641 704 793 788 salutern,
820 707 874 800 qui
896 701 1042 802 indigne,
1063 702 1105 776 ad

123 805 293 905 judicium.
341 809 465 876 Verum
486 808 539 875 ubi
563 802 700 886 diceret,
727 809 847 899 impios
870 829 938 873 non
961 831 1106 893 sumere,

83 966 87 972 -
122 915 191 995 huc
216 907 315 982 vellet
336 905 493 1001 intelligi:
519 907 545 972 si
565 905 676 974 Turca
704 900 754 972 vel
783 901 930 988 Jutlaeus,
956 927 1008 977 aut
1034 933 1105 978 mus

123 1008 175 1082 vel
192 1006 311 1079 vermis
323 1003 517 1076 corroderet
529 1006 649 1074 hostias
664 1003 734 1073 illas
748 1005 904 1100 al'apistis
920 1006 1043 1076 cibariis
1060 1012 1108 1079 in·

85 1104 88 1108 ⁵
123 1109 236 1192 clusas,
262 1108 315 1177 ubi
332 1103 436 1175 nullus
450 1124 539 1174 actus
558 1101 603 1192 lit,
629 1107 684 1200 qui
704 1123 750 1173 est
762 1129 781 1172 a
795 1105 925 1173 Christo
942 1107 1110 1195 institutus,-

80 1202 82 1207 ’
125 1213 185 1281 'ete
205 1212 270 1278 hoc
287 1225 410 1276 tantum
427 1210 559 1301 inpane
575 1199 929 1300 fieri,tantumpanem
947 1201 1110 1292 essenon

124 1333 244 1405 corpus
266 1310 409 1390 Christi,
441 1329 547 1402 neque
568 1305 634 1373 hoc
655 1307 851 1401 incorpore
880 1305 1002 1395 Christi
1027 1305 1109 1380 lieri.

126 1408 245 1480 Solum
267 1397 404 1476 crassam
426 1407 510 1474 hanc
531 1401 669 1472 localem
693 1412 724 1473 et
740 1402 920 1475 naturalem
938 1402 1111 1479 manduca·

127 1512 256 1581 tionem
285 1511 434 1603 corporis
451 1507 567 1575 Christi
589 1529 622 1573 se
643 1499 782 1573 voluisse
800 1529 932 1599 negare.
984 1510 1110 1579 Verum

127 1609 339 1704 illam„quae
352 1627 398 1675 est
415 1608 619 1674 institutionis
636 1607 769 1688 Christi,
791 1623 937 1700 utsupra
958 1605 1112 1703 explicas·

102 1747 106 1754 ·
129 1704 188 1794 set,
219 1710 304 1777 lianc
327 1700 480 1777 fateretur
501 1723 533 1772 et
553 1700 703 1786 doceret,
729 1725 835 1801 arque·
851 1700 929 1774 esser
949 1703 1112 1780 docturus.

128 1803 258 1904 Siquid
274 1829 344 1875 nou
360 1801 598 1900 satisexplicate
614 1801 745 1894 diceret,
767 1808 1004 1900 interrogarent
1018 1812 1119 1902 parti·
1135 1813 1140 1829 ’

132 1906 293 1987 cirlariter,
316 1903 411 1974 vellet
426 1899 457 1974 se
479 1922 511 1973 et
525 1927 617 1972 suam
632 1891 824 1974 sententisim
849 1904 962 1975 clarius
985 1925 1016 1978 et
1036 1908 1112 1979 ube·

113 2011 200 2097 §rius
220 2029 395 2102 exponere.

170 2250 173 2257 Ι
208 2157 358 2254 ,Deinde
387 2162 546 2255 Lutherus
575 2155 722 2258 singulos
751 2166 887 2233 seorsim
918 2166 1114 2263 interrogat,

129 2264 282 2345 omnihus
302 2261 432 2360 reliquis
454 2258 680 2347 audientibus,
705 2261 758 2331 ubi
777 2263 918 2360 singuli,
948 2290 981 2335 se
1003 2263 1115 2352 idern,

154 2361 220 2459 uod
244 2368 381 2434 llucerus
405 2356 604 2458 explicasset,
629 2360 797 2447 confiteri,
820 2369 964 2449 sentire,
978 2361 1136 2450 discere„
1187 2356 1191 2363 ⁴

127 2393 308 2538 ilel'endere
330 2457 560 2532 asseverabant.
610 2465 653 2533 Et
672 2467 738 2554 jam
766 2482 838 2533 toto
864 2490 952 2537 antro
980 2491 1014 2534 se
1035 2469 1115 2538 hoec

128 2559 291 2649 docuisse,
317 2581 347 2634 et
368 2558 488 2644 exinde
510 2558 630 2635 ducere
650 2560 751 2646 velle,
779 2563 1024 2730 reslponderunt.
1075 2569 1142 2643 Et¹

128 2663 301 2763 rogabant,
327 2689 370 2735 ne
390 2660 495 2731 ullurn
519 2654 633 2730 fucum
657 2664 706 2731 his
724 2659 850 2731 subere
872 2666 1139 2759 suspicarentur.'
1188 2726 1193 2732 .

129 2771 275 2865 Qiu'am
299 2766 396 2834 etiam
418 2756 629 2846 addiderunt,
662 2766 697 2830 in
718 2763 781 2831 suis
809 2758 954 2833 ecclesiis
982 2765 1119 2862 publico,

131 2859 241 2938 edicto
259 2890 276 2932 a
291 2861 527 2960 magistratibus
548 2885 671 2958 poenas
686 2880 790 2933 cautas
806 2864 839 2931 in
853 2887 920 2954 eos,
947 2869 1002 2962 qui
1019 2891 1117 2965 nega·
1135 2953 1137 2957 y

104 3016 106 3020 -
130 2984 203 3047 rent
221 2967 287 3062 veri
295 2965 443 3061 corporis
453 2963 572 3031 Christi
589 2989 663 3033 curn
678 2988 762 3060 pane
777 2989 888 3034 veram
903 2972 1116 3061 praesentiam
1162 2965 1164 2970 ’

132 3085 194 3138 etc.
243 3065 286 3134 Et
309 3061 519 3161 precabantur
541 3087 657 3134 ornnes
679 3062 801 3134 obnixe
826 3084 861 3135 ut
882 3069 1040 3162 quoniam
1061 3093 1119 3165 per

127 3168 247 3238 omnia
263 3180 490 3260 agnoscerent,
514 3188 626 3233 ueram
641 3158 706 3233 esse
722 3158 965 3250 confessionem
983 3185 1013 3236 et
1031 3172 1118 3264 Apo·

110 3315 113 3319 ›
131 3265 261 3364 logiam
277 3268 425 3360 hugusto
447 3266 575 3333 Caesari
593 3265 786 3339 exhibitam,
814 3266 847 3331 in
860 3261 1074 3353 concordiam
1088 3292 1119 3342 et

133 3360 262 3443 vincula
272 3359 329 3432 illa
343 3366 435 3450 unius
450 3359 528 3433 fidei
540 3380 570 3433 et
582 3356 703 3433 solidae
717 3357 877 3432 fraternae
893 3365 1067 3456 charitatis,
1085 3383 1136 3444 ut'
1197 3398 1200 3403 ·
1216 3363 1229 3387 ”

134 3460 364 3556 commembra
377 3466 411 3532 in
427 3464 571 3551 Christo,
597 3466 824 3559 reciperentur.
877 3465 1002 3563 Decere
1018 3473 1121 3558 enim,
1143 3464 1146 3468 Α
1189 3457 1196 3474 ’

93 3607 96 3614 ·
127 3579 170 3637 ‘ut
185 3567 240 3666 qui
256 3587 358 3633 unum
373 3581 471 3658 caput,
482 3567 702 3657 agnoscimus,
729 3566 870 3633 etunius
887 3569 984 3643 eriam
998 3571 1121 3643 Christi

135 3663 319 3736 doctrinam
344 3658 567 3761 pariformiter
589 3657 786 3749 adoramus,
827 3669 924 3744 etiam
946 3673 1037 3749 inter,
1052 3693 1119 3743 nos
1156 3753 1159 3757 y

84 3831 86 3834 Α
134 3757 958 3863 alteralteriusrecommembrumessefateamur,
1093 3764 1097 3771 ’
1161 3764 1164 3769 ’

128 3968 133 3977 «
232 3921 394 4011 Lutherus
414 3914 536 3989 deinde
561 3923 717 3999 cumsuis
738 3924 772 3991 in
788 3920 982 3993 cubiculum
995 3920 1122 3996 disces·

101 4105 105 4115 ‚
132 4019 191 4120 lit,
201 4019 279 4119 quid
297 4044 401 4121 porro
423 4014 611 4095 faciendum
631 4013 719 4093 foret
740 4045 815 4091 cum
838 4019 905 4091 illis
930 4019 1120 4121 deliberatu-
1155 4103 1158 4109 ,
1231 4086 1233 4091 ⁴

884 4196 1116 4289 ..Ν
