2474 4552
513 226 518 255 i

92 432 169 507 iens
191 447 310 503 certe
325 440 366 501 te
389 392 480 499 eise
502 421 776 515 validiorem-3
799 422 874 503 aed
897 426 967 501 ubi
986 432 1073 503 seis.

92 539 159 619 tia,
182 551 222 604 te
242 555 330 603 non
354 520 476 626 posse
503 523 654 624 loqui,
674 544 840 621 orote,
862 547 905 602 ut
928 534 1071 628 potius

92 626 344 708 valetudinis
374 645 469 700 tuae
505 628 722 698 rationem
744 626 921 721 habeas,
948 654 1074 730 quam

92 751 126 807 rt
159 730 341 829 emplius
381 722 463 801 tibi
502 749 694 801 accersas
731 727 1075 804 incommodum.

92 832 248 939 tieiius
277 847 369 916 eat,
399 845 439 900 te
462 829 612 900 ¹virere
652 830 927 919 semivivum,
954 855 1073 934 quam

128 1012 314 1080 ,Christum
331 1007 410 1065 robis
435 1007 578 1080 phoenici
594 1004 718 1062 Ductori
737 1006 841 1064 thuro
862 1020 889 1066 et
907 1029 961 1085 per
979 1002 1071 1084 megi-

148 1091 240 1143 strum
257 1079 370 1135 affinem
389 1087 469 1131 mum
490 1087 517 1131 st
532 1095 584 1149 per
605 1086 681 1129 meas
703 1076 806 1132 literae.
838 1078 909 1134 Nam
928 1081 1069 1154 deprecati

130 1166 137 1194 -’
149 1161 215 1209 eunt
226 1150 311 1207 altere
329 1161 396 1220 pers
411 1145 448 1216 ab
462 1146 556 1213 altera,
571 1145 596 1199 si
613 1143 683 1224 quid
703 1154 744 1211 est
763 1149 947 1203 commissum
961 1149 1069 1204 moris

149 1236 177 1278 et
191 1220 293 1292 cuipoe,
311 1227 338 1272 et
352 1216 422 1272 utris
463 1222 532 1271 eest
544 1215 691 1268 iomisrum
704 1225 855 1285 peccatum.
888 1218 1000 1274 Doctor
1048 1248 1067 1264 ·

147 1308 184 1344 ue
195 1299 286 1344 totum
299 1233 460 1341 biduumid
470 1282 525 1347 imo
538 1281 752 1355 perdor-avitu
764 1285 840 1340 nulio
854 1286 942 1341 modo
957 1286 1068 1344 redim-

127 1369 132 1376 ‘
149 1376 215 1414 mm
229 1359 259 1412 in
278 1355 400 1428 gratiam
415 1370 480 1406 cam
495 1351 616 1418 Comite,
632 1351 816 1418 consitionis,
829 1356 931 1410 Senatu
953 1365 980 1410 et
997 1356 1066 1423 aliis,

146 1429 202 1483 nisi
217 1425 355 1480 dicerent:
378 1423 450 1493 Quia
465 1422 586 1491 graviter
625 1420 778 1476 eccarimus
798 1423 861 1491 soli,
876 1426 996 1497 petimus
1010 1443 1065 1490 req

103 1531 105 1535 ·
148 1497 320 1552 missionem·
331 1492 410 1564 ‘ipse
424 1506 492 1545 tero
505 1490 585 1544 vellet
599 1437 730 1557 dicesr,si
742 1509 898 1562 peccassem
910 1493 1003 1567 aliquo
1012 1503 1064 1548 etc.

118 1586 121 1591 ·
150 1566 247 1626 Bonus
270 1563 380 1625 Comes,
394 1568 469 1613 ceste
491 1561 548 1627 jam
558 1575 618 1611 non
636 1560 674 1613 its
686 1558 773 1614 melus
795 1563 848 1628 vir,
861 1577 892 1619 ut
908 1563 977 1617 oiim
990 1562 1065 1618 sorte

148 1635 211 1698 tute,
225 1631 312 1687 voluit
325 1633 362 1685 it'a
375 1628 409 1683 de
430 1628 528 1683 secari.
554 1626 610 1684 sed
625 1626 989 1702 tendemDoctoragnoscit
1047 1667 1065 1678 -

148 1701 232 1758 sitite
243 1718 322 1762 ¹esse,
343 1715 399 1771 quo
432 1698 515 1752 etiam
526 1694 625 1749 Petrus
647 1705 732 1763 erret,
745 1705 772 1752 et
786 1700 818 1754 in
835 1717 965 1754 errorem
1003 1710 1067 1755 ucat

130 1792 133 1796 ’
147 1770 315 1830 Bernabam,
333 1777 360 1820 ct
371 1776 418 1839 ute
455 1785 489 1821 ue
501 1767 667 1820 sententiam
680 1764 797 1820 Domini
815 1765 882 1823 Jesu
894 1770 981 1823 secuti
996 1787 1066 1824 ora-

133 1847 266 1893 'vet-unt:
283 1837 400 1893 Dimitte
413 1852 453 1889 no
474 1836 497 1891 is
513 1833 606 1890 debita
624 1843 732 1899 nostra,
747 1837 811 1907 quia
824 1855 889 1892 vere
901 1855 997 1892 sumus
1011 1838 1064 1893 de-

146 1906 263 1973 stiores,
280 1908 352 1961 sirm
373 1914 400 1958 et
419 1920 472 1957 nos
492 1901 655 1961 dimittimus
674 1903 849 1960 debitoribus
868 1907 981 1971 nostris,
997 1907 1062 1992 ousia

147 1995 213 2029 vere
226 1978 255 2030 in
269 1974 362 2030 multis
376 1970 543 2027 offendimus
555 1988 669 2027 omnes:
685 1982 713 2027 et
724 1991 760 2027 ne
776 1976 862 2029 intres
877 1975 908 2030 in
926 1974 1066 2044 judicium,

148 2063 213 2101 cum
234 2063 316 2099 servo
335 2051 401 2107 tuo,
422 2040 552 2098 Domine.
581 2041 619 2095 Es
639 2042 675 2095 ist
694 2041 758 2097 aiies
777 2043 921 2098 zuis-ieden
940 2046 1062 2116 gestelit,

147 2114 248 2186 gaudio
262 2113 391 2166 omnium
400 2111 551 2177 vicinarum
560 2109 747 2166 ecclesiarum.
772 2111 847 2168 Noto
881 2116 1057 2168 raestantiam

146 2198 238 2250 tuam,
251 2182 299 2235 -mi
312 2178 474 2235 Reverende
495 2176 633 2247 Luthere,
648 2197 767 2236 onerare
785 2182 911 2261 longiore
931 2183 1061 2260 epistola,

143 2251 208 2323 alies
222 2249 360 2309 mirabilia
373 2249 408 2306 de
425 2258 485 2306 tots
497 2246 617 2305 historia
629 2266 785 2308 narrarem.

173 2381 278 2432 Verum
290 2385 437 2450 postremo
450 2393 539 2430 unum
551 2393 568 2429 a
579 2384 607 2430 te
618 2393 673 2435 nos
685 2395 784 2435 omues
795 2378 972 2433 ecclesiarum
978 2376 1059 2433 Thu.

141 2447 247 2519 ringine
258 2446 389 2501 Pastores
403 2443 456 2499 tibi
467 2445 604 2516 prostrati
623 2447 817 2501 contendimus
834 2462 861 2501 et
872 2446 1062 2512 obsecramus,

140 2525 173 2572 ut
192 2532 326 2586 agnoscas
342 2530 442 2567 sursus
462 2512 605 2568 ecetesiam
616 2513 691 2567 iiiam
708 2514 916 2569 reconciliatam
935 2517 991 2583 jam
1004 2533 1075 2571 euos

139 2588 257 2659 pastori,
271 2593 298 2637 et
312 2597 465 2649 cognoscas
478 2580 560 2635 etiarn
568 2581 706 2652 optimum
720 2589 746 2635 et
759 2596 886 2636 sanctum
899 2584 991 2637 virum
998 2585 1057 2639 Ge-

119 2686 125 2700 ·
139 2655 252 2725 orgium
266 2650 393 2723 Speniin,
404 2665 469 2700 vere
485 2658 637 2718 martyrem
657 2657 683 2702 ed
703 2658 802 2703 testem
816 2649 919 2704 Christi
933 2644 1053 2718 fidetem,

141 2725 266 2795 dignum,
281 2721 391 2792 quirun
408 2733 546 2770 consensu
560 2726 587 2769 et
602 2716 742 2773 votnnzare
757 2716 913 2784 loachimo,
929 2719 1059 2790 quiGot-

140 2794 248 2862 fingam
270 2799 312 2849 est
331 2786 471 2846 abiturus,
492 2784 620 2839 succedat
637 2784 794 2852 Arnstndii,
816 2803 848 2845 ut
870 2787 941 2841 sicut
961 2806 1057 2843 sumus

141 2859 304 2916 contristati
316 2874 402 2929 anper
414 2853 566 2909 calamitate
582 2853 663 2929 hujus
675 2856 814 2924 ecciesiae,
828 2858 866 2913 ita
885 2873 983 2912 omues
1003 2877 1057 2930 pa.

140 2932 211 2985 riter
226 2926 394 3012 gaudeamus
414 2924 509 2977 omnia
529 2924 644 2979 restitui.
665 2922 701 2981 Et
719 2935 793 2984 certe
814 2925 968 3001 expediret,
982 2929 1007 2981 si
1019 2926 1056 2984 D.

137 2996 315 3054 'Joechunum
329 2995 506 3058 admoneres,
520 2992 737 3054 charitatem
755 2991 815 3051 ess
819 3014 834 3051 e
848 3014 968 3051 veram
982 3015 1056 3052 mo-

139 3067 370 3123 deratricem
387 3063 568 3135 scientiae
586 3064 846 3137 ee'spirituum.
872 3062 1054 3122 sucht-istus

139 3154 199 3191 non
213 3136 299 3203 voluit
312 3134 396 3209 ferre,
409 3146 440 3187 ιιι
457 3131 577 3190 Jacobus
591 3141 618 3188 et
630 3134 752 3189 ioannes
764 3135 860 3203 ignem
872 3132 1057 3215 deposcerent

130 3206 176 3263 sie
188 3206 275 3270 coeio,
292 3205 340 3275 qui
351 3202 510 3259 absumeret
527 3203 724 3259 Samaritanos.
751 3205 841 3274 Atque
861 3199 888 3255 hi
902 3203 956 3284 ipsi
971 3203 1055 3258 dein..

142 3276 177 3331 de
187 3274 277 3355 primi
289 3281 361 3336 sunt,
370 3271 500 3392 ‚quidmst
512 3272 698 3341 escensionem
712 3269 818 3328 Cirristi
836 3271 975 3393 recigiuut
988 3291 1060 3327 ver...

140 3346 218 3399 burn.
244 3339 404 3394 Achiieber
447 3357 494 3392 err
504 3338 626 3404 Ductor,
641 3336 766 3397 schreibt
776 3357 829 3393 uns
842 3340 891 3396 wie
913 3357 954 3396 er.
977 3340 1050 3413 Ego

130 3411 259 3469 adhuc
276 3409 476 3464 conflictor
493 3426 570 3463 cum
585 3426 664 3464 meo
681 3407 955 3473 morbo,eameu
968 3413 1052 3482 quia

140 3474 558 3551 clemerenouposiu,m,
582 3495 654 3532 non
672 3477 801 3533 desino
815 3477 948 3531 mutire
967 3497 1053 3537 cona
1118 3530 1120 3534 ,

138 3561 198 3608 tra
214 3545 418 3609 sathanam,
436 3545 809 3615 eturgersciarnoeos
835 3560 1051 3620 etpugnan.

130 3634 193 3679 ‚ees
213 3617 357 3673 milites.
383 3618 472 3670 Etiam
485 3619 576 3674 statui,
592 3624 739 3687 antequam
750 3614 867 3680 moriar,
877 3616 983 3673 siDeiss
997 3638 1050 3672 vo·-
1145 3664 1148 3669 .

139 3688 192 3754 iet,
210 3706 260 3742 vos
280 3688 398 3741 inrisere
420 3686 443 3735 V
446 3683 583 3754 tebergae
604 3693 630 3738 et
651 3701 748 3740 coram
768 3683 847 3738 vohis
868 3682 962 3741 dicere
979 3688 1051 3753 vale,
1110 3718 1113 3725 .

138 3759 216 3833 prius
257 3773 301 3809 nm
315 3757 344 3807 in
357 3755 408 3811 aiia
422 3755 481 3804 tec-e
495 3760 655 3810 nor'coram
668 3753 822 3810 ridebimus
836 3762 863 3807 et
876 3754 1047 3827 amplexabi-

118 3776 271 3891 'snurffis
285 3825 320 3878 ist
335 3826 399 3894 jaso
410 3823 487 3891 ieug,
502 3821 614 3877 scheme
628 3822 702 3880 nich
715 3821 814 3879 selber.
837 3822 892 3879 Sed
906 3825 1050 3879 condona-

135 3895 202 3951 tritis
216 3893 286 3951 mihi
298 3897 375 3949 iunio
391 3892 526 3947 calamum
537 3890 690 3952 barbarum
704 3892 787 3947 simul
808 3901 835 3946 et
849 3909 945 3947 raucas
960 3911 1050 3946 voces.

136 3966 340 4023 §autemeam
360 3961 550 4017 lieverendanr
574 3959 714 4040 hospitam
727 3959 846 4019 liutem
866 3975 952 4020 tuem.
986 3960 1049 4017 Dan

135 4033 245 4091 unna
265 4030 507 4125 mimmii
546 4048 548 4054 ⁸
657 4072 661 4082 .
