2474 4552
114 392 119 415 ¹
240 372 368 444 Praeter
386 371 501 443 hasce
526 366 654 441 istolam
673 362 1137 467 Seckendorfiulupmso.

143 471 242 569 aliam
259 465 378 543 eodem
393 493 482 541 anno
497 393 528 541 d
537 468 587 540 '1x
603 468 703 551 Mart.
722 494 741 539 a
759 471 928 561 Mycouio
941 466 1136 565 adjustum

141 575 310 658 Meuium,
330 572 573 643 Isenaceusium
589 573 766 655 Pastorem,
785 565 893 641 datam
903 592 1132 661 ,enarraremu-

143 676 235 758 ravit,
256 691 352 771 atque
366 695 406 741 ex
421 664 476 740 illa
491 671 582 755 haec,
599 682 684 769 quae
695 667 735 740 ad
749 670 880 741 Lutlreri
897 672 1027 743 abitum
1042 684 1137 768 spec·-

112 830 115 839 .
143 791 212 845 taut
231 771 338 857 verba,
359 772 536 841 narrationi
560 794 639 841 suae
664 772 821 841 intexuit:
847 769 923 857 „De
944 788 1061 844 morte
1071 772 1143 845 Lu·

144 875 242 958 theri,
265 895 364 972 quam
385 867 444 940 ille
463 871 548 940 mihi
567 890 640 941 aitte
659 893 763 941 armos
787 893 845 941 sex
866 864 1031 968 praedixit
1054 891 1135 945 ante

144 997 257 1046 meum
274 974 448 1042 transitum
459 964 614 1055 futuram,
635 988 721 1041 certe
733 970 947 1067 ¹uehementer
961 970 1135 1068 perculsus

143 1064 227 1159 sum.
278 1065 343 1142 Sed
357 1066 435 1168 quid
450 1066 529 1141 ultra
542 1064 663 1141 faceret
674 1073 707 1139 iu
724 1065 853 1141 mundo
872 1069 1050 1156 obstinato,
1073 1075 1137 1143 im·

45 1170 51 1181 ’
144 1174 345 1271 poenitente,
365 1173 505 1269 ingrato,
518 1166 698 1255 insanabili,
714 1187 745 1241 et
757 1171 1000 1241 inuniversum
1012 1174 1047 1241 in
1063 1197 1135 1243 ma·

144 1274 241 1370 ligno
257 1274 388 1367 positu,
418 1272 472 1366 qui
496 1267 618 1341 nuvult
637 1273 671 1339 in
693 1287 860 1341 aeteruum
884 1273 1009 1367 perire,
1030 1296 1133 1368 quam
1156 1336 1165 1367 ,Ι

145 1398 204 1471 per
217 1373 383 1441 Christum
406 1366 530 1439 salvari.
581 1364 668 1466 Qud
683 1392 753 1439 uon
769 1362 869 1439 fecit?
919 1367 1007 1467 Qid
1030 1374 1134 1444 ctiam

14 1482 19 1493 ’
91 1496 94 1503 ·
119 1546 123 1561 ι
145 1475 207 1572 piis
225 1490 255 1540 et
270 1473 330 1539 toti
346 1464 510 1539 Ecclesiae
532 1468 651 1557 Christi
667 1486 825 1565 praestare
843 1464 925 1565 ultra
938 1473 1057 1565 potuit,
1080 1490 1136 1543 aut

146 1596 218 1643 nou
232 1558 504 1639 abundantissime
516 1571 670 1663 praestitit
682 1592 743 1664 per
758 1592 863 1639 annos
882 1571 1014 1666 triginta
1036 1570 1136 1644 nullo

147 1695 234 1770 pene
254 1685 430 1739 momento
452 1691 579 1736 cessans
602 1664 655 1738 vel
676 1668 717 1736 ab
737 1662 884 1752 orando,
900 1665 955 1739 vel
976 1668 1135 1768 urgendo

147 1768 261 1857 afficio
272 1769 407 1840 Christi.
457 1758 581 1862 Gratias
594 1790 660 1865 ago
677 1766 767 1854 Dea,
778 1769 834 1865 qui
847 1763 942 1840 nobis
960 1769 1053 1840 hunc
1064 1769 1137 1843 Eli.

146 1897 203 1955 am
217 1895 310 1942 suum
326 1870 394 1939 hoc
413 1885 586 1965 postremo
601 1886 752 1964 tempore
772 1869 873 1955 misit,
896 1870 953 1966 qui
965 1887 1026 1941 'tot
1039 1874 1137 1948 aunis

44 2038 47 2043 .
145 1963 381 2069 indignislimis
399 1969 531 2039 servivit
548 1983 633 2038 tanta
648 1963 753 2038 fideus
767 1971 964 2054 constantia,
987 1988 1024 2039 ut
1043 1994 1138 2042 sum·

147 2095 241 2154 mum
264 2063 457 2139 miraculum
476 2063 605 2138 mundo
624 2059 735 2149 fuerit,
785 2065 851 2139 Det
869 2069 953 2140 mihi
964 2067 1137 2145 Dominus

146 2164 280 2242 felicem
295 2169 426 2251 horam,
451 2183 486 2247 ut
502 2190 578 2236 eum
592 2167 660 2238 cito
672 2167 807 2264 sequar!
827 2170 974 2240 umens
1022 2173 1137 2271 Atque

147 2271 243 2360 hujus
265 2269 332 2338 voti
355 2264 446 2363 brevi
468 2289 602 2363 quoque
623 2284 697 2363 post
715 2262 909 2365 pleuislime
924 2292 1069 2368 compos
1089 2288 1137 2346 ett

146 2356 259 2440 factus.
293 2367 479 2464 Antequam
492 2388 572 2436 vero
587 2385 719 2438 naturae
736 2359 883 2441 debitum
919 2365 1024 2443 lacida
1042 2396 1137 2445 mor·

148 2476 180 2539 te'
193 2464 301 2552 solvit,
312 2463 418 2565 plures
433 2461 540 2536 adhuc
556 2464 596 2565 ab
609 2468 721 2538 amicis
734 2462 776 2539 ad
791 2492 868 2542 eum
881 2392 973 2543 datae
984 2488 1062 2544 suut
1074 2466 1136 2565 (ci

147 2568 234 2640 Hist.
244 2569 343 2639 Gom
358 2564 587 2667 supplemlll
601 2568 676 2665 pag.
693 2569 751 2643 97.
762 2561 851 2667 sqq.)
875 2567 1047 2669 epistolae,
1059 2596 1139 2671 qua·

148 2693 263 2740 sume
286 2690 427 2767 uumepo
449 2689 506 2737 eae
531 2670 744 2764 potissimum
768 2687 954 2740 memoratu
984 2667 1140 2745 videntur

129 2800 132 2807 ·
150 2765 373 2865 dignissimae,
394 2791 477 2864 quae
490 2768 666 2865 Casparem
673 2770 888 2865 Cmcigerum
901 2786 934 2840 et
946 2768 1139 2869 Philippum

148 2866 447 2939 Melanchtltouem
463 2865 644 2938 habueruut
656 2870 814 2940 auctores.¹
863 2870 1004 2967 Scripsit
1020 2867 1139 2943 videli-

150 2986 201 3039 cet
214 2964 254 3038 ad
272 2991 348 3036 euru
366 2967 525 3062 Cruciget
537 2967 592 3036 his
607 2967 729 3039 verbis:
752 2971 880 3055 „Viro
905 2993 928 3040 o
936 2973 1074 3067 ptimo
1095 2988 1139 3045 et

79 3066 81 3073 ⁴
137 3058 309 3163 *pietate
333 3068 585 3162 praestanti,
608 3066 651 3139 D.
680 3062 1140 3162 FridericoMyconio,

151 3168 324 3236 Pastori
371 3162 887 3261 sansanctissimae,
928 3193 1052 3245 servo
1098 3188 1142 3245 et

122 3264 284 3338 *militi
316 3266 480 3337 Christi
503 3258 773 3341 fidelissimo
803 3293 849 3344 ac
875 3262 1141 3363 fortissimo,

151 3371 287 3437 amico
310 3366 665 3440 su0.charissimo
691 3370 725 3442 S.
745 3368 792 3445 D.

249 3517 332 3619 Legi
349 3539 415 3592 tuas
430 3518 703 3624 literas,-scriptas
714 3520 756 3597 ad
772 3525 814 3597 D.
835 3527 1020 3628 Georgium
1028 3528 1139 3619 ¹Rora-

69 3698 72 3707 ,
153 3625 252 3708 rium,
273 3620 443 3718 inquibus
464 3641 618 3723 tanquam
638 3622 854 3698 dulcissimam
874 3651 1042 3728 cygneam
1065 3652 1139 3701 cau·

153 3726 282 3794 tionem
299 3745 415 3792 sonans
438 3723 531 3793 nobis
554 3723 717 3814 valedicis,
740 3750 772 3800 et
786 3732 867 3800 milti
889 3730 986 3800 etiam
1002 3727 1137 3800 salutem

154 3839 300 3892 amanter
314 3816 479 3892 adscribis.
530 3826 598 3896 Etsi
613 3848 722 3899 autem
738 3823 866 3901 necesse
879 3823 952 3914 fuit,
975 3833 1062 3901 varie
1075 3852 1138 3901 nos

155 3919 240 3994 affici
262 3926 322 3993 tais
343 3919 457 4012 literis,
482 3930 564 4024 q'uas
588 3931 662 4013 siusv
670 3925 826 4024 lacrymis
842 3927 955 4031 legere
967 3933 1138 4004 nemiuem
