2474 4552
133 383 286 482 „gratis
312 398 349 451 et
369 393 547 483 propter
571 374 712 462 Deum,
737 381 813 447 auti
838 372 1116 452 firedderentra-

132 487 283 568 „tionem
297 479 373 551 Deo
396 473 438 548 de
462 473 612 575 neglecta.
631 481 760 548 animae
779 401 877 548 sdine
901 499 1035 577 propter
1072 507 1115 553 eut

132 604 327 668 „nummos,
350 593 573 677 quamtamen
588 576 677 648 Deus
700 596 731 648 et
743 601 827 676 papa
846 575 970 649 vellent
987 584 1117 677 partici-

133 706 232 780 „pem
247 678 319 750 fieri
334 672 534 748 remirfionis
550 695 771 774 peecatorum,
790 701 890 777 quam
908 676 1003 750 nubis
1017 681 1115 750 Chri:

131 798 218 868 „stus
235 782 353 849 meruit
372 793 403 848 et
417 781 604 875 impertivit,
627 770 682 846 sed
702 795 812 852 tamen
832 773 1003 850 credebam
1020 775 1124 863 illam,

131 899 256 966 „rotam
275 871 484 949 commissam
502 870 568 946 esse
579 877 738 948 Romano
757 873 906 975 pontifici
922 871 1114 951 distribuen·

132 976 231 1067 „dam
243 980 443 1077 promeritis
462 972 665 1073 fingulorum
679 969 733 1053 sed
747 1000 854 1074 paup
865 975 1002 1048 eribus
1027 998 1115 1076 gra·
1130 968 1143 999 ⁸

132 1084 221 1167 „tis.
271 1078 437 1180 Qaerunt
456 1073 600 1161 tandem,
626 1101 644 1147 a
664 1099 811 1175 quonam
837 1071 938 1147 essem
961 1079 1026 1149 hue
1041 1072 1115 1148 sub·

130 1173 287 1266 „missust
338 1177 415 1274 Ego
432 1178 500 1247 hoc
518 1171 683 1274 respondi,
710 1171 800 1274 quod
814 1173 1018 1249 verissimum
1033 1196 1114 1266 erat,

16 1264 22 1277 ’
114 1305 171 1366 ,a
187 1275 281 1348 nulio
298 1298 430 1372 prorsus
444 1276 582 1346 homine
601 1272 655 1345 vel
672 1279 841 1346 monitore
866 1274 918 1346 vel
930 1273 1115 1375 impulsore

82 1384 87 1401 “
130 1383 224 1466 „imo
246 1398 353 1471 neque
373 1371 580 1459 consultore,
605 1369 661 1444 sed
682 1398 738 1446 me
758 1400 859 1446 vnum
881 1372 949 1446 fine
968 1375 1113 1449 consilio

130 1474 248 1565 „ullius
264 1476 411 1546 hominis
432 1465 519 1545 sola
536 1467 699 1544 fiducia
719 1479 933 1572 'gratuitae
957 1479 1114 1560 remis3

129 1571 183 1666 „si
193 1601 244 1648 on
254 1579 285 1643 is
298 1577 333 1644 in
346 1569 446 1645 literis
460 1568 778 1670 promissae;fretum
800 1577 898 1645 is‘tam
913 1578 1113 1672 petitionem

128 1665 329 1766 „instituis'se.
379 1673 494 1770 Neque
513 1673 595 1748 mihi
608 1696 750 1770 unquam
774 1696 849 1744 cum
871 1679 964 1746 tantis
977 1678 1054 1745 viris
1068 1693 1115 1746 ta·

129 1775 220 1864 „lem
234 1767 330 1846 fuisse
345 1765 566 1870 congressum,
594 1766 696 1843 essem
718 1777 807 1843 enim
822 1792 933 1844 natura
956 1799 1115 1847 verecun-

129 1873 224 1964 „dus,
250 1891 281 1942 et
295 1876 356 1941 nisi
369 1867 435 1941 fitis
473 1868 885 1953 ratineDeietremissronis
900 1891 1113 1969 peccatorum

128 1963 343 2070 „coegissent
356 1994 428 2041 non
440 1895 567 2042 igneram
581 1965 704 2068 aliquid
716 1976 830 2068 magni
850 1991 1052 2069 accepturus,
1071 1993 1130 2047 'vt

128 2070 191 2164 „ad
206 2068 304 2145 talem
318 2085 450 2140 coetum
463 2093 518 2139 me
540 2073 721 2167 jungerem.
769 2074 891 2141 Iterum
910 2077 1113 2169 promittun-

127 2155 208 2264 „tur'
222 2170 332 2249 literae
354 2186 481 2266 emptae
502 2161 558 2239 sex
577 2173 725 2239 nummis
746 2193 824 2241 meo
846 2167 942 2257 loco,
972 2191 1003 2243 et
1024 2175 1114 2244 mihi

127 2274 283 2372 „gratis
301 2265 449 2340 donatae.
497 2263 561 2338 Sed
576 2265 664 2339 iolui
685 2266 793 2356 abeo,
815 2274 870 2368 qui
886 2271 1112 2345 haberetloco

126 2379 252 2470 „Papae
263 2370 490 2440 authoritatem
506 2363 654 2438 donandi
670 2361 768 2466 gratis
783 2391 922 2467 peccata,
947 2377 1112 2468 gratui-
1138 2418 1142 2435 ι

126 2493 230 2564 „tam
264 2486 534 2567 peecatorum
573 2473 757 2538 meorum
799 2466 1109 2561 remissionem,

129 2564 1111 2666 „nutremcommittereDeo.Sicdimittorettristabantursa·

22 2720 30 2729 η
125 2663 1110 2769 „erifuresSedegopartinrdolebanmtullasmihiobtigisse

125 2777 264 2864 „literae
276 2774 394 2866 partim
407 2763 601 2864 gaudebam,
617 2765 707 2866 quod
722 2763 828 2838 adhuc
843 2767 955 2868 aliquis
970 2765 1049 2841 esset
1069 2775 1109 2842 in
1156 2776 1165 2790 '

98 2884 106 2909 ⁸
125 2865 353 2963 „coeloDeus,
369 2872 425 2963 qui
440 2865 536 2937 vellet
551 2889 679 2962 peccata
695 2871 792 2937 etiarn
807 2893 869 2966 pro
890 2867 984 2939 nullo
999 2875 1107 2969 pretio

22 3034 25 3039 .
126 2990 203 3064 „aut
216 2964 354 3068 pecunia
368 2968 530 3056 remittere
544 2967 784 3061 poenitentibus
794 2972 880 3059 juxta
899 2966 992 3054 ittud,
1014 2966 1108 3068 quod

12 3138 16 3146 .
65 3104 66 3109 ¹
125 3069 241 3172 ,‚saepe
258 3084 478 3140 cantaveram:
492 3068 592 3146 ¹vivo
618 3089 714 3163 ego,
739 3061 816 3138 dicit
834 3069 1010 3154 Dominus,
1030 3095 1107 3140 no-

125 3175 190 3262 „lo
220 3185 404 3242 mortem
440 3170 764 3263 peccatorisetc.
821 3167 969 3245 Domine
996 3169 1106 3257 Deus,

124 3294 182 3362 „tu
195 3273 293 3357 nosti,
320 3260 411 3365 quod
427 3266 482 3339 hic
501 3261 585 3336 nihil
602 3269 755 3350 mentior,
784 3284 870 3337 totus
889 3271 978 3337 enim
995 3265 1105 3339 adhuc

99 3368 101 3375 ’
124 3385 237 3462 „eram
250 3375 285 3457 in
300 3362 493 3447 densisfitnis
503 3363 652 3449 tenebris,
680 3383 712 3436 et
726 3382 918 3437 ramentum
934 3362 1105 3466 digredior

124 3472 185 3564 „ab
199 3468 272 3541 illis.
322 3470 370 3537 Ita
383 3466 565 3538 commovit
580 3464 716 3561 Spiritus
733 3481 840 3536 toturn
859 3490 918 3536 cor
932 3485 963 3537 et
984 3493 1104 3564 corpus

124 3595 281 3664 „meutn,
312 3564 452 3664 Spiritus
485 3561 541 3659 ille
562 3580 633 3635 tuus
655 3562 830 3636 illustrator
852 3585 884 3636 et
906 3564 1114 3653 vivificator,-

124 3664 333 3764 „consoiator
347 3683 378 3735 et
392 3681 576 3736 renovator.
625 3662 669 3735 Et
693 3681 778 3736 totus
799 3669 834 3735 in
860 3663 1036 3738 lachrimas
1066 3671 1102 3739 in

124 3762 315 3865 „redeundo
334 3760 376 3836 ad
394 3765 572 3861 hospitium
594 3761 727 3837 volutor
752 3781 784 3834 et
803 3763 948 3853 orabam,
970 3786 1005 3838 vt
1026 3771 1102 3865 quia

125 3871 199 3964 „issi
219 3869 301 3941 mihi
322 3883 476 3960 negarent
497 3863 644 3961 gratiam,
667 3872 801 3962 propter
824 3859 987 3936 defectum
1004 3890 1102 3964 pecu·

36 4027 41 4043 ,
124 3975 231 4067 ‚,niae,
261 3987 296 4040 tu
312 3970 379 4040 mei
394 3968 540 4039 misertus
554 3969 655 4062 gratia
669 3983 721 4036 tua
734 3966 913 4040 remitteres
926 3967 1010 4041 mihi
1025 3991 1101 4066 pec·
