2474 4552
1074 305 1145 380 57.-

144 439 290 506 onimuur
303 447 516 529 propensum,
540 430 620 502 haee
634 429 771 503 breuiter
789 437 909 531 accipe.
959 429 1122 505 valetudo
1203 481 1206 486 -

96 589 97 593 ,
144 537 276 605 Lurhcri
293 525 1123 619 effecit,utconventusabiscnacoGrirnmamtrans·

143 630 294 718 ferretur,
316 628 372 702 sed
382 631 610 727 Witebergam
625 627 756 702 videndi
773 629 966 704 desiderium
980 636 1123 730 hospites
1147 626 1150 633 ’

145 760 188 804 eo
203 736 366 829 pertraxit,
392 750 425 802 ut
437 727 613 828 praemisso
630 729 796 837 tabeiimio
810 731 956 823 juberent
967 738 1124 831 Crucige·

112 924 114 929 Ι
143 858 218 909 rum
233 852 265 902 et
279 826 464 929 Philippum
479 826 572 901 dorni
588 831 766 917 subsistere,
790 831 888 902 malle
904 857 937 904 se
953 834 995 903 ibi
1010 857 1122 904 coram

144 928 185 1003 ad
202 935 378 1003 satietatem
393 956 502 1028 usque
517 956 593 1000 cum
615 949 681 1000 tam
700 927 756 1001 diu
777 927 966 1003 desideratis
982 934 1122 1004 Patribus

143 1058 243 1130 agere
266 1036 396 1117 omnia,
430 1055 527 1126 quarn
552 1029 627 1100 alibi
652 1026 693 1099 de
719 1029 828 1100 multis
850 1028 993 1103 divinare
1016 1037 1150 1131 potius,

141 1157 243 1230 quam
257 1128 451 1228 intelligere.
501 1133 638 1200 Decima
651 1132 878 1226 septirnuMuji
893 1134 1124 1203 verreruntGo·

144 1237 235 1304 tham
257 1227 382 1317 adme,
406 1232 537 1301 Ductor
559 1225 933 1328 WoifgangusCupito,
958 1234 1122 1311 Martinus

143 1335 282 1404 Bueerus
305 1333 550 1429 Argentinensis
571 1350 602 1401 et
615 1324 801 1400 Bonisacius
815 1327 1033 1404 Wolfhardus
1060 1337 1124 1404 Au·

144 1435 356 1532 guatinensis,
382 1455 464 1528 quos
485 1426 637 1529 quantula
655 1434 747 1527 potui
771 1436 885 1527 excepi
908 1434 1123 1504 humanitate:

110 1564 124 1581 f
145 1552 177 1604 et
187 1536 261 1630 quia
278 1535 437 1602 Bucetum
448 1528 620 1627 Morburgi
639 1529 732 1601 antea
750 1556 979 1618 conveneram,
995 1527 1123 1604 audine.

144 1626 216 1705 ram
235 1648 272 1702 ‘e't
295 1655 503 1702 exercueram
524 1634 634 1716 etiam,
660 1633 858 1727 Capitonem
881 1657 958 1702 vcro
982 1660 1021 1703 ex
1036 1629 1122 1703 fama

144 1752 271 1804 tanturn
287 1726 431 1817 nossem,
456 1726 599 1800 videram
619 1750 738 1814 autern,
759 1733 894 1827 ingenio
917 1728 983 1803 csse
997 1732 1124 1829 placido

147 1852 180 1904 et
196 1824 370 1915 tractabili,
395 1835 504 1924 coepit
525 1835 608 1900 inter
627 1855 687 1901 uos
707 1829 748 1900 de
772 1849 837 1901 tota
853 1837 1070 1903 controversia
1084 1829 1124 1903 de

145 1935 325 2029 praesentia
345 1934 493 2028 corporis
513 1933 632 2000 Christi
651 1951 726 2028 post
745 1957 883 2000 coenam
911 1958 1037 2020 sermo,
1068 1934 1122 2004 ubi

146 2030 211 2102 illis
225 2049 369 2108 nostram
386 2035 577 2101 sententiam
601 2029 738 2125 breviter
752 2056 789 2100 ac
803 2027 910 2105 luc'de
932 2040 1079 2131 exposui,
1105 2060 1123 2103 a

102 2140 107 2152 '
147 2157 210 2230 qua
225 2156 295 2207 uon
317 2155 474 2218 ceremur,
499 2134 561 2201 nisi
579 2125 769 2228 scripturam
791 2151 1002 2203 contemnere
1025 2124 1123 2205 veile·

145 2258 231 2316 mus,
254 2227 429 2313 discessuri.
450 2243 452 2247 ’
479 2231 522 2302 Et
538 2226 706 2302 videbatur
724 2234 806 2302 mihi
825 2236 942 2330 Capito
966 2232 1124 2304 nonnulla

120 2370 123 2375 ·
146 2329 278 2418 discere,
302 2328 345 2401 de
362 2331 476 2428 quibus
490 2352 583 2402 autea
603 2327 707 2402 fuerat
726 2328 851 2418 dahius,
873 2353 904 2404 et
919 2336 1048 2405 ‘Bucero
1069 2332 1125 2403 ali·
1151 2340 1155 2347 '

144 2459 207 2530 qua
229 2428 418 2503 uidebantur
440 2431 575 2502 clariora
595 2430 685 2517 fieri,
709 2452 807 2528 quam
827 2429 964 2528 fueraut.
1014 2437 1125 2532 Itaque

144 2529 275 2626 juvandi
288 2558 344 2603 cos
360 2535 473 2629 gratia,
498 2557 630 2601 summo
654 2558 751 2602 ruane
772 2537 805 2602 iu
822 2536 964 2602 chartam
989 2560 1025 2602 ca
1047 2560 1125 2604 con·

146 2631 242 2733 gcssr‚
276 2657 357 2729 quae
380 2628 554 2726 diligenter
577 2629 792 2725 expendenda
815 2630 914 2701 obruti
939 2630 1012 2721 illis,
1042 2659 1124 2730 quae

146 2762 222 2805 curn
239 2726 456 2813 excushsscnt,
476 2756 545 2800 uon
564 2748 739 2826 potuerunt
752 2756 820 2799 uon
830 2725 934 2814 fateri,
958 2733 1043 2825 hanc
1055 2759 1125 2803 sen·

147 2838 282 2905 tentiam
298 2851 441 2900 nostrum
457 2848 488 2898 ct
503 2835 675 2926 scripturae
689 2855 793 2900 sacrae
810 2849 841 2901 et
860 2828 1124 2927 purioris'Ecdc·

146 2940 210 3005 siae
224 2936 338 3003 sanctis
353 2930 491 3027 putribus
504 2926 715 3001 conformem
731 2927 806 3003 esse.
859 2927 1124 3004 Veneruutdein-

130 3031 187 3104 -de
213 3038 309 3103 etiarn
332 3029 468 3126 reliqui,
502 3057 577 3102 curn
600 3032 714 3130 quibus
733 3055 795 3125 ego
816 3050 847 3103 ct
866 3034 970 3118 Justus
990 3035 1145 3103 Meuius'

146 3154 258 3208 noster
276 3151 361 3203 recta
376 3130 616 3229 Witteberganr
638 3129 877 3216 contendimus,
902 3151 932 3201 ct
955 3136 988 3201 in
1009 3136 1124 3202 itinere
1207 3180 1210 3184 ι

146 3229 347 3330 utrinquead
360 3232 536 3302 satietatem
553 3257 651 3328 usque
661 3228 862 3302 reddidimus
871 3235 1032 3302 rationem
1047 3227 1125 3303 fidei
1204 3280 1206 3287 ,

103 3353 108 3362 “
148 3357 178 3406 ct
187 3339 254 3432 spei
266 3332 488 3402 nostrae.Norr
497 3337 658 3428 praeteriit
667 3335 760 3414 hora,
769 3335 847 3426 quin
857 3335 889 3399 in
899 3328 1064 3428 cauliquid
1077 3336 1126 3403 in·
1161 3422 1163 3426 Ι

148 3440 254 3511 uicem
269 3436 570 3527 interpretaremur3
588 3450 618 3500 et
632 3427 808 3502 fortisfime
822 3433 1040 3504 convicimus:
1064 3435 1127 3503 Pa·
1142 3435 1144 3439 ’
1172 3451 1177 3454 ’

148 3530 657 3611 nemillum'coenaenon
682 3557 725 3600 ex
751 3528 1052 3626 dignitatevei
1071 3537 1127 3603 in·

149 3627 1127 3734 dignitate,velsumentiurnveldantium,esse
1196 3657 1199 3666 ·

150 3759 187 3813 ct
213 3734 295 3805 dici
322 3757 468 3802 verum
494 3727 610 3800 illud
635 3755 781 3827 corpus
802 3734 988 3818 Christi,
1015 3730 1126 3829 quud
1165 3808 1168 3814 ,

148 3833 353 3930 traditum
381 3851 439 3903 est
464 3856 538 3930 pro
564 3830 683 3927 nobis
710 3851 768 3903 etc.
794 3830 864 3924 sed
893 3851 1052 3902 tantum
1079 3858 1155 3911 ex,
1202 3908 1218 3925 .,

147 3932 302 4022 uirtute
328 3951 368 4004 et
391 3933 587 4032 potentia
612 3936 717 4025 ejus,
741 3935 809 4031 qui
832 3929 1127 4038 sumsitiilunt
1204 3977 1207 3985 ·
