2474 4552
1008 271 1174 387 x27¹

122 371 267 500 „pariete
276 358 413 473 'affixam
428 394 543 471 eadem
558 393 578 470 s
571 401 675 499 pecie,
692 394 744 472 sed
752 393 881 499 prorsus
891 393 1013 473 diversa
1026 424 1100 498 qua·

122 499 243 595 „litate
288 503 388 573 Nam¹
400 503 434 570 in
458 492 557 571 fonte
574 494 741 571 videbatur
761 526 837 572 caro
852 505 961 572 omnis
983 497 1100 591 lucida.

121 598 195 686 „tbi
211 625 289 670 vero
303 600 458 673 membris
474 594 626 671 omnibus
646 621 821 687 exaruerat,
838 620 874 672 ut
897 603 1010 672 omnia
1023 595 1101 672 ossa

76 714 81 735 ‘
121 716 180 786 „et
194 696 345 771 membra
353 692 449 771 facile
463 694 659 770 dinumerari
674 692 815 797 possent,
839 719 871 770 et
888 719 954 771 erat
971 693 1102 797 prorsus
1143 770 1146 781 ,

120 802 240 886 „tristis
254 792 405 897 aspectus.
443 796 554 869 Video
567 803 686 871 iterum
700 817 808 897 pectus
822 824 945 885 meum,
959 795 1049 899 quod
1064 794 1103 871 fi·

120 894 269 984 ‚militer
281 890 466 977 nihil‘aliud
481 917 558 984 erat,
572 923 670 997 quam
685 892 755 969 ossa
769 896 872 969 velata
886 918 965 975 cute,
980 920 1010 968 et
1026 924 1102 971 uere

120 1001 200 1086 „vix
219 996 384 1073 trahebam
403 990 547 1095 spiritum
564 1024 639 1097 prae
653 992 866 1094 aegritudine.
915 997 963 1067 Ibi
981 994 1103 1091 Paulus,

95 1090 105 1100 ”
119 1095 202 1184 „ille
215 1093 283 1169 dux
300 1122 402 1197 meus,
417 1094 523 1195 digito
538 1091 640 1195 pulsat
650 1116 757 1195 pectus
766 1110 890 1185 meum,
898 1091 1016 1169 deinde
1029 1120 1105 1195 por·
1127 1138 1132 1145 -

120 1215 235 1284 „recto
251 1194 357 1269 indice
371 1216 403 1269 et
417 1193 548 1269 dextera
564 1194 604 1268 ad
620 1199 799 1283 Christum,
826 1222 866 1269 ex
882 1189 1017 1268 adverso
1031 1214 1105 1267 ante

121 1307 201 1391 „me
216 1293 372 1397 positum,
394 1299 436 1368 ita
449 1292 491 1367 ad
508 1322 565 1369 me
586 1300 711 1398 inquit:
737 1298 847 1369 Huic
872 1314 1046 1394 oportet
1067 1315 1105 1368 te

122 1390 559 1489 „sopiormemfieri
604 1401 614 1417 '
1111 1416 1116 1433 ¹

222 1613 299 1700 „Ex
325 1613 393 1683 hoc
423 1627 583 1693 carmem,
601 1627 633 1681 et
658 1615 714 1679 ista
741 1612 1109 1681 communerationem

124 1706 304 1798 „sententia
317 1705 437 1787 audita,
448 1705 583 1804 evigilo,
594 1726 626 1779 et
637 1705 776 1805 disparet
790 1712 898 1778 omnis
907 1706 998 1792 visto,
1012 1709 1108 1779 relin-

126 1834 253 1903 „quens
272 1814 305 1886 in
321 1814 434 1879 animo
450 1807 611 1883 mirabiles
636 1811 870 1903 cogitationes,
893 1805 970 1906 quid
991 1814 1047 1880 ista
1069 1806 1107 1879 fi·

125 1911 184 1996 „bi
207 1907 337 1982 vellent.
386 1909 505 2005 Neque
521 1933 595 1978 cum
608 1905 677 1979 ullo
697 1911 864 1979 monacho
881 1906 1030 1979 volebam
1049 1937 1106 1981 un·

124 2034 248 2108 „quam
257 2004 378 2105 aliquid
393 2000 544 2079 conferre
558 2027 610 2077 aut
620 2002 782 2091 disserere,
803 2034 845 2104 ne
857 2034 913 2079 me
924 2006 1105 2081 irriderent.

124 2113 339 2196 „Certissime
354 2112 444 2179 enim
460 2103 633 2193 videbatur,
646 2103 769 2204 aliquid
786 2112 899 2206 magni
913 2108 1106 2202 significare.

123 2211 238 2296 „Deus
253 2233 355 2294 meus,
368 2232 466 2305 quam
482 2205 589 2279 stultas
600 2226 631 2279 et
647 2233 776 2303 prorsus
784 2209 904 2281 alienas
918 2212 1107 2307 interpretu-

123 2314 252 2396 „tiones
271 2309 354 2378 mihi
378 2312 432 2379 hic
449 2301 531 2378 feci!
561 2312 693 2381 Vestam
710 2334 858 2381 eremum
880 2304 1107 2405 scopulorum,

124 2415 184 2494 „in
208 2407 321 2507 quibus
341 2412 524 2495 haeseram,
549 2409 779 2507 interpretabar
801 2405 977 2481 secularem
997 2430 1135 2482 ttteant'·

124 2529 326 2596 „anteactam
340 2512 451 2580 vitam.
491 2504 722 2580 ,Eductionem
735 2504 893 2579 faciebam
907 2508 1106 2606 religionem
1142 2576 1146 2586 ,
1193 2576 1196 2585 ,

93 2608 98 2614 ’
125 2612 447 2695 „franciscanorum
498 2610 658 2685 Messeni,
678 2603 799 2678 fructus
814 2606 993 2703 religionis,
1007 2604 1107 2679 serva-

128 2730 252 2795 „taere
278 2707 738 2801 ulaeetstatutorumpatmm.
773 2702 961 2791 Sedebant,
976 2703 1107 2802 quodin

128 2830 225 2896 „toto
251 2734 383 2879 llannio
409 2804 536 2876 nullum
565 2806 764 2875 tnonachum
791 2800 934 2875 videram
961 2805 1109 2902 nihilque
1193 2874 1196 2883 .

129 2911 412 2995 „monasticorum
430 2930 580 3001 operum.
630 2907 752 2974 Verum
778 2901 856 2976 dum
871 2903 912 2977 ad
929 2912 1108 2985 monastica

129 3011 313 3095 „instituon
335 3006 531 3102 proponitur
543 3002 666 3103 regula.
683 3010 912 3103 proponuntur
922 3028 1045 3093 statuta,
1059 3035 1109 3081 te·

132 3105 251 3206 „gulae
269 3102 510 3188 declarationes,
526 3102 789 3202 dispensationes.
839 3106 887 3176 Ibi
903 3133 976 3178 vere
991 3105 1110 3179 deveni
1192 3150 1197 3162 κ

132 3214 192 3294 „in
214 3203 376 3278 desertum
397 3223 429 3276 et
450 3203 594 3275 tentabat
615 3232 689 3276 vere
716 3226 747 3275 et
770 3205 942 3288 vexabara
963 3204 1138 3282 diabolos·

133 3310 200 3393 „Et
214 3308 362 3400 comperi
375 3329 532 3403 nusquam
550 3309 667 3394 minus,
682 3330 780 3402 quam
794 3307 829 3372 iu
837 3303 1050 3398 religionibus
1062 3311 1111 3381 in·
1169 3306 1172 3313 ’

131 3409 261 3496 „veniri
275 3398 488 3476 conscientiae
502 3402 776 3503 tranquillitatem,
801 3401 1023 3477 remisfionem
1038 3434 1111 3507 pec-

132 3524 324 3595 „eatorutm
354 3501 455 3577 fidem
482 3523 513 3575 et
536 3500 627 3601 spem
649 3509 732 3575 vitae
758 3521 912 3575 aeternae.
961 3509 1009 3579 Ibi
1031 3537 1111 3583 vero

134 3630 226 3702 „ego
241 3601 349 3674 addidi
365 3609 446 3675 mihi
462 3601 520 3703 ipfi
533 3604 669 3687 labores,
697 3623 729 3675 et
744 3629 842 3703 opera
854 3599 1112 3708 supererogatio-

90 3762 93 3767 .
134 3712 219 3794 „nin
232 3705 344 3801 quibus
359 3728 605 3804 compensarem
621 3699 767 3776 defectus
788 3703 937 3778 indebitis
951 3711 1110 3806 operibus,

126 3802 318 3902 =„pfaltet·ia,
336 3800 444 3875 missas
457 3804 671 3904 quotidianas,
689 3803 973 3904 electivaspreces‚'
984 3794 1111 3900 jejunia,

134 3903 287 3993 „lllentia‘
298 3922 364 3979 eta·
389 3903 564 4004 Eligebam
581 3929 687 4012 nouos
699 3925 856 4006 patronos
871 3925 1030 4000 mortuos,
1044 3904 1113 3989 san·
