2474 4552
1090 255 1113 324 3

127 379 197 473 gari
220 370 325 444 modo
351 365 526 442 excolendi
545 373 664 442 merito
693 371 869 443 habeantur
896 372 1112 470 capacisiimi,
1188 416 1190 420 ·

125 495 221 574 atque
244 468 439 564 adjumentis
452 465 581 540 aliunde
592 474 735 566 acceptis
750 465 846 542 facile
858 497 992 642 proque
1008 501 1112 554 emer.
1133 478 1135 483 ’
1164 531 1172 571 ·‚
1220 527 1225 539 .

126 593 214 675 gant.
262 570 398 642 Horum
414 594 431 638 e
446 592 586 640 numero
598 570 779 661 Myconius
791 566 857 641 fuis
874 599 891 642 e
906 569 1052 665 videtur5
1077 598 1110 650 et

60 672 65 685 “
126 699 230 773 quum
249 671 332 741 haec
354 673 418 762 ejus
439 663 568 739 indoles
594 688 763 766 parentes,
796 696 954 766 querum,
988 693 1020 745 vt
1040 671 1109 774 ipse

125 788 378 854 commemorat,
401 770 513 838 unicus
532 763 619 838 filius
640 788 672 839 et
691 771 803 841 haeres
819 765 890 855 fuit,
914 769 1014 845 latere
1037 801 1109 853 non

122 865 241 972 posset,
260 863 348 939 haud
363 863 540 954 miraberis,
554 891 641 938 anno
654 873 718 960 jam
733 873 840 942 aetatis
857 873 945 940 XIII.
961 875 1002 965 (i)
1022 880 1109 972 post'-

107 985 222 1070 quam
237 974 401 1066 integrum
412 960 604 1040 sexennium
615 970 651 1037 in
668 963 748 1040 ludo
764 966 1030 1043 Lichtenfelsensi
1045 979 1111 1071 pri·
1188 960 1192 968 ¹

80 1089 88 1101 ”
124 1097 179 1143 ma
201 1068 367 1141 literarum
388 1064 551 1138 elementa
576 1061 749 1154 didicerat,
780 1063 819 1137 ad
842 1069 1026 1143 uberiorem
1048 1070 1108 1145 du·

118 1175 245 1242 ctriuae
267 1163 432 1240 solidioris
453 1169 681 1262 cognitionem
701 1161 759 1237 fibi
780 1166 1047 1267 comparandam,
1071 1179 1108 1246 in

122 1267 270 1343 scholam
285 1266 324 1336 ab
342 1269 380 1336 iis
396 1259 463 1337 esse
476 1259 622 1351 missum,
637 1291 720 1364 quae
735 1292 837 1366 aeque
850 1272 1027 1366 atquevrbs
1041 1268 1107 1370 ipsa

122 1395 226 1543 nppcr
246 1362 395 1450 condita,
416 1388 516 1462 quarn
540 1365 692 1454 ornabat,
715 1369 836 1438 eximie
859 1389 930 1440 turn
949 1366 1126 1470 temporis
1168 1400 1179 1407 ··

123 1495 141 1543 e
179 1491 324 1545 urescere
335 1466 467 1563 incepit.

153 1682 155 1686 ³
220 1634 325 1746 Atque
338 1647 394 1720 hic
411 1644 525 1721 Iocum
539 1639 697 1717 invenisse
711 1649 792 1732 mihi
808 1645 965 1747 gratulor,
985 1647 1026 1719 de
1043 1654 1108 1721 An·

124 1749 319 1830 naemontii,
343 1749 395 1817 cui
409 1740 549 1841 ipsemet¹
565 1743 681 1828 multa,
694 1768 776 1841 quae
790 1743 967 1841 gratisfima
979 1773 1107 1847 semper

124 1843 198 1924 sunt
213 1840 388 1915 servaturus
413 1848 596 1927 memoria,
611 1839 759 1929 debeam,
785 1847 973 1942 originibus,
999 1852 1106 1920 Anna·

124 1946 337 2042 bergensiurn
366 1946 456 2013 enim
486 1940 618 2013 scholae
644 1965 662 2012 a
688 1944 872 2039 parentibus
903 1942 1038 2019 traditus
1059 1966 1106 2020 est

120 2046 313 2136 Myconius,
334 2067 435 2140 pauca
452 2044 594 2113 orationi
615 2066 710 2113 meae
727 2047 885 2116 intexere.

216 2228 289 2296 Fuit
302 2247 410 2298 autern
424 2222 503 2309 toci,
541 2250 609 2323 quo
633 2227 915 2300 Annaemontium
938 2231 1000 2323 (k.)
1018 2260 1106 2306 nunc
1133 2220 1136 2226 ¹
1176 2304 1182 2318 ,

56 2428 58 2434 Ι
95 2324 216 2399 Ἰῑῐώη
241 2345 303 2410 est,
353 2351 452 2425 usque
481 2319 520 2394 ad
548 2327 1004 2416 annumttccccxcvl,
1037 2358 1105 2430 quo

151 2511 190 2580 (i.)
206 2505 239 2574 ei.
255 2505 449 2571 Sagittarii
465 2503 583 2557 historia
602 2503 728 2565 Gothana
743 2517 856 2559 curante
870 2508 1013 2566 Tentzelio
1027 2479 1106 2567 ienae

138 2583 140 2588 '
186 2584 279 2632 sumtu
291 2575 407 2626 Ioannis
420 2572 537 2625 Bielckii
554 2576 587 2627 A.
607 2573 724 2626 MDCC.
739 2576 809 2645 typis
824 2577 959 2645 expressa,
973 2598 1032 2648 pag.
1049 2585 1106 2636 168,

216 2643 407 2712 Myconius
436 2640 637 2692 Redivivus
659 2645 691 2693 A.
721 2646 794 2713 1730.
823 2644 996 2697 aJonekero
1017 2651 1106 2704 Web-

189 2709 349 2764 thershusae
362 2709 519 2778 germanice
533 2708 632 2773 editus,
651 2728 677 2780 p.
696 2713 735 2764 13.
885 2743 887 2747 ψ
992 2729 995 2733 ·

218 2777 380 2833 Besseekius
401 2777 417 2828 l.
437 2796 459 2829 e.
476 2794 536 2848 pag.
559 2777 603 2828 vt.

153 2909 198 2980 (k.)
216 2904 257 2955 De
271 2902 468 2955 Annaemontii
490 2899 645 2971 originibus
669 2909 695 2953 et
710 2900 771 2955 tarta
795 2903 923 2975 inprimis
937 2908 1105 2964 consulenda

152 2997 154 3001 ⁴
186 2974 294 3027 ridetur
310 2972 389 3024 Pauli
401 2971 496 3023 Jenisii
512 2970 725 3039 Annacbergae,
741 2971 858 3025 Misniae
868 2972 969 3035 urbis,
987 2976 1105 3032 historia

124 3036 127 3041 ’
186 3042 300 3095 indues
318 3038 406 3092 libros
430 3039 541 3108 digesta,
560 3057 680 3111 quorum
699 3039 873 3111 priorurbis
890 3040 977 3095 deseri
1000 3047 1106 3101 tionem
1158 3076 1165 3087 ι
1224 3045 1228 3063 ¹

81 3154 85 3161 .
186 3109 230 3231 serp
246 3120 272 3163 et
288 3109 383 3231 vipppti
401 3108 534 3229 capitibus
554 3106 785 3178 comprehensam
800 3113 944 3180 proponit,
962 3064 1029 3165 adice
1042 3113 1105 3167 An.

188 3199 222 3235 na
233 3199 259 3229 es
281 3197 312 3230 ex
334 3178 340 3228 i
364 3186 398 3229 et.

127 3314 130 3320 Δ
187 3242 304 3303 nlocv.
331 3247 616 3302 Praetereaconterri
636 3242 764 3315 possunt:

460 3177 556 3230 resdae
583 3174 721 3247 impressa
745 3177 779 3230 ab
807 3178 983 3250 Hieronymo
1003 3181 1104 3242 schutz
1211 3242 1214 3246 Δ

218 3313 383 3368 Richteri
408 3312 703 3385 Ch1·onica‚quae
720 3313 916 3365 Annaemontii
938 3332 1011 3369 anno
1029 3323 1104 3391 1746.
1142 3314 1146 3320 ’
1221 3331 1224 3340 ’

188 3381 238 3438 sub
255 3382 350 3439 titulo:
368 3381 576 3436 Umstb'ndliche
591 3400 638 3435 aus
652 3376 848 3449 zuverlastigen
856 3380 1040 3440 Narhriehten
1054 3409 1105 3444 zu.

102 3464 106 3469 ’
189 3461 459 3520 sanuueng'etragene
474 3451 612 3506 Chronica
628 3450 678 3503 der
695 3450 789 3521 freyen
805 3450 976 3520 Be'rg-Stadt
987 3456 1026 3509 St.
1043 3462 1105 3510 An.

189 3521 295 3589 naboar
310 3530 359 3574 ete.
374 3519 590 3573 Chronieon
607 3517 838 3588 Annaebergense
855 3521 1046 3579 continuatum
1059 3528 1103 3581 hie
1178 3559 1184 3568 ,

188 3590 234 3644 uff
248 3593 312 3663 rba}
325 3588 392 3642 Jatn·
405 3589 475 3643 nach
490 3588 594 3642 Christi
609 3586 724 3661 Gelani,
743 3585 830 3640 durch
838 3587 875 3640 M.
885 3588 1038 3662 Georgium
1046 3600 1106 3657 Ar.¹
1162 3616 1164 3618 v

100 3654 106 3672 “
128 3654 132 3664 “
186 3658 478 3726 ἡοΙάυιιιβίΖωιὲῃιη.
510 3655 660 3723 Annaberg
679 3656 731 3725 bey
750 3655 861 3710 Friedr.
878 3659 969 3711 Wilh.
990 3663 1105 3734 Ludwig

189 3720 317 3799 Hesper,⁸
329 3744 415 3796 geuau
440 3724 509 3776 nach
534 3725 583 3777 ‹Ier
601 3722 735 3794 Urbunde
755 3727 811 3778 und
830 3727 881 3778 mit
900 3727 1105 3802 Beybehaitung

71 3851 76 3865 ,
188 3797 238 3849 der
258 3798 328 3848 alten
354 3793 497 3863 Orthogra
519 3795 562 3844 nte
588 3796 661 3847 1812.
1034 3794 1038 3804 '

119 3889 125 3932 ξ
217 3864 388 3916 Anriaber
500 3812 520 3912 b

188 3933 345 4003 naebergae
359 3934 388 3987 in
398 3881 506 3984 biisnia
520 3926 676 4003 descriptio,
691 3936 769 3986 ortus
786 3940 811 3982 et
823 3933 938 4002 positus,
954 3938 1104 4008 cortscripti

863 4006 905 4078 18

438 3901 444 3912 .
468 3863 500 3914 Li
523 3860 547 3913 bi
566 3871 631 3925 tres,
650 3861 749 3933 quIbus
775 3862 932 3916 continetur
951 3864 1026 3918 vrbis
1042 3871 1104 3920 An·
1191 3897 1194 3903 -
