2474 4552
412 212 424 242 Ι

1065 241 1125 311 XV

140 402 218 508 qua
252 413 379 494 uixit,
412 402 643 477 fautricem
671 429 710 476 et
738 409 986 504 magistram
1010 398 1128 472 babu-
1198 486 1201 491 ,

138 547 236 625 erit,
270 567 348 612 nec
382 563 467 608 non
493 536 592 633 quid
618 541 708 606 vice
735 562 854 606 versa
884 555 1129 632 tempussn.
1170 560 1175 579 ι

138 697 204 740 um
235 670 303 740 illi
333 667 548 754 debuerit,
572 665 833 739 luculentissime
859 670 1047 736 itmotescat.
1088 669 1130 737 At

138 827 241 899 quum
273 805 308 871 in
344 803 473 896 magnis
504 818 536 869 et
565 796 672 868 arduis
707 797 848 869 voluisse
880 804 943 889 jam
974 803 1047 868 satis
1072 802 1130 888 sit,

54 956 57 964 ’
132 918 306 1030 'quumque
329 933 366 998 in
389 927 544 998 otnnibus
562 930 655 1029 *hisce
682 929 774 997 rebus
797 932 896 997 etiarta
920 953 1016 1031 parua
1042 931 1129 998 initia

138 1081 170 1132 et
196 1059 326 1129 infirma
353 1061 529 1128 conamina
555 1058 624 1126 aliis
652 1083 896 1153 saepenumero
911 1084 1022 1127 ansam
1038 1080 1131 1156 'prae-

76 1218 80 1239 ι
138 1192 267 1262 buerint
292 1186 333 1260 ad
356 1187 495 1263 meliora
520 1183 731 1282 proferenda,
760 1190 835 1257 satis
863 1209 917 1257 me
943 1209 1131 1260 excusatum

137 1319 283 1416 judicare
311 1318 440 1403 licebit,-
473 1323 510 1404 si,
548 1344 631 1416 quae
665 1323 940 1415 conscripserim,
984 1324 1130 1417 quamvis

138 1448 291 1524 nondum
323 1443 461 1547 perfecti
493 1445 617 1547 aliquid
658 1450 878 1546 omnibusque
909 1455 1054 1529 numeris
1077 1450 1131 1521 ab·

12 1598 15 1607 '
83 1578 85 1581 ’
141 1570 241 1652 soluti
262 1579 459 1663 exhibeant,
487 1582 529 1648 ita
555 1595 667 1648 tamen
691 1581 754 1647 sint
780 1598 988 1675 comparata,
1014 1600 1048 1651 ut
1070 1606 1132 1652 nec
1153 1555 1195 1654 .-

140 1712 386 1797 Vestro‚Viri
413 1700 666 1806 Magnifici,
696 1709 857 1805 Qibus
891 1713 1039 1806 ibprimis
1070 1712 1133 1784 hnc

144 1839 356 1942 qualicunque
386 1842 577 1936 scriptione
596 1840 768 1934 gratissimi
802 1842 903 1908 animi
925 1865 1053 1912 sensum
1073 1861 1133 1914 tes·
1164 1882 1166 1891 ·

145 1988 246 2039 tatum
268 1963 394 2055 facere,
420 1971 699 2065 Qorumque
724 1970 784 2038 hac
809 1965 850 2038 de
872 1996 964 2040 causa
991 1974 1132 2043 Nomi-

39 2148 42 2155 ι
141 2099 265 2170 nibus
288 2087 663 2195 splendidissimis
698 2093 839 2166 dicatum
877 2099 968 2170 volui
1006 2103 1131 2172 huncce

74 2225 101 2288 »⁸
140 2226 302 2313 libellum,
328 2224 519 2297 honorifico
547 2222 588 2293 de
616 2253 670 2306 me
696 2224 817 2317 judicio
843 2253 971 2322 prorsus
999 2227 1133 2300 inferio-

68 2444 70 2449 Ι
141 2384 193 2446 ra,
223 2383 285 2428 nec
317 2370 501 2454 aequorum
533 2354 696 2427 lectorum
729 2361 973 2452 exspectatione
996 2355 1132 2457 indigna
1229 2380 1232 2385 “

140 2506 342 2559 Cenbeassills·

292 2604 306 2639 b

244 2676 316 2758 Jam
339 2699 416 2744 vero
450 2692 495 2775 ut,
522 2675 572 2742 his
604 2677 798 2769 praemissis,
824 2670 864 2741 ad
898 2699 967 2743 retra
1005 2680 1133 2774 ipsam,

143 2830 242 2902 quarn
265 2802 499 2900 exponendam
525 2807 667 2901 suscepi,
707 2828 763 2874 me
791 2826 1002 2916 convertam,
1036 2812 1069 2877 in
1093 2834 1129 2878 ea

43 2919 48 2930 ¹
95 2964 100 2973 ι
143 2930 347 3033 expedienda
380 2937 423 3002 ita
456 2932 625 3021 versabor,
659 2951 692 3004 ut
723 2952 755 3004 et
785 2926 850 3004 fara'
883 2938 1040 3026 Myconii
1072 2922 1142 3010 suo*

144 3060 278 3148 ordine,
312 3068 527 3159 scriptorum,
561 3088 643 3160 quae
678 3068 747 3161 ipse
781 3073 940 3150 exaravit,
973 3090 1035 3135 nec
1064 3095 1133 3140 non

142 3194 305 3277 aliorum,
328 3217 412 3289 quae
445 3188 487 3260 de
514 3217 555 3263 co
582 3211 726 3276 exstant,
757 3195 1024 3312 testimoniorum
1053 3223 1118 3311 ope

126 3328 325 3400 ‘succincta
357 3326 468 3419 prouti
501 3320 571 3391 fieri
610 3325 746 3418 poterit,
784 3325 988 3441 narratione,
1027 3331 1135 3398 missis

145 3453 297 3524 ornnibus
329 3451 539 3549 ambagibus,
556 3475 758 3548 persequar,
795 3471 827 3522 et
851 3446 954 3550 quaiis
989 3465 1138 3569 quantus·
1170 3538 1178 3554 κ

16 3638 44 3675 ,·
145 3609 209 3681 que
238 3587 305 3679 ipse
330 3575 439 3690 fuerit,
465 3584 618 3678 aperiam.
668 3582 766 3649 Ac
742 3607 768 3650 si
792 3583 949 3672 Myconii
977 3591 1076 3657 vitam
1097 3587 1136 3658 ad

143 3736 297 3781 normam
343 3735 379 3778 111
422 3703 669 3778 COssSidesassdlS
708 3709 917 3807 SlssgUiOI'Ussl
959 3715 1136 3794 hominum

58 3890 91 3900 -.
143 3837 345 3937 temporibus
376 3834 481 3906 semel
508 3859 670 3933 receptam
697 3840 960 3934 contempleris,
980 3865 1011 3912 et
1033 3867 1159 3931 totam·

141 3974 207 4061 ejus
230 3987 371 4041 aetatem
395 3986 585 4064 percenseas
615 3972 668 4051 ita,
692 3986 726 4037 ut
755 3987 896 4065 quatuor
921 3956 1041 4067 gradus
1066 3958 1130 4070 pro

1127 3255 1136 3282 5
1194 3251 1199 3259 ,

1143 4075 1168 4088 .·
1216 4038 1232 4082 κη
