2474 4552
1065 285 1137 369 ,33

152 416 256 508 „nihil
275 420 378 521 magis
399 410 529 501 dolens,
551 437 650 513 quam
671 406 762 513 quod
776 416 1028 511 nonniustautius
1040 409 1132 489 labo·

152 525 253 609 „ravi‚
272 538 303 590 et
319 540 438 614 corpus
452 539 566 584 meum
580 536 612 587 et
625 514 705 584 vires
724 517 788 607 ejus
808 538 864 585 me
881 508 1072 605 destituunt,
1096 535 1134 593 ut

149 612 230 708 „vos
241 625 306 712 jam
322 613 552 713 depugnantes,
577 631 609 684 et
621 610 764 712 reliquos
775 632 968 710 prostratos,
992 609 1133 713 fugatos

149 739 204 810 „et
229 713 404 813 trucidatos
429 738 501 784 non
528 737 664 810 possum
681 709 856 804 ‘adjuvare
901 715 977 786 Scio
1006 713 1132 789 multos

141 809 331 908 ··„voluisse,
344 831 379 885 ut
390 837 516 884 eausam
523 814 645 882 Christi
660 828 690 883 et
698 812 833 884 Lutheri
847 809 1131 891 etiaminscribeu·

148 917 218 1006 „do
239 934 271 988 et
288 914 377 986 libris
389 933 429 1003 ¹et
448 916 694 985 commentariis
710 907 906 1004 adjuvarem,
930 910 1029 1011 idque
1038 906 1143 987 certe*

146 1013 295 1114 „felicius
313 1008 516 1113 potuissem,
540 1037 640 1110 quam
663 1011 808 1110 graculi,
830 1012 1004 1103 Leuculae,
1027 1012 1132 1086 cuculi

147 1139 203 1208 „et
225 1140 361 1215 upupae.
412 1106 478 1184 Sed
498 1109 650 1184 videbam
675 1131 709 1183 et
726 1110 963 1210 intelligebam,
992 1109 1033 1184 ad
1052 1109 1132 1213 quid

146 1222 460 1312 „maxime'vocatus
474 1207 587 1300 essem,
611 1229 648 1285 ut
663 1205 793 1284 essem
816 1237 898 1285 vox
924 1210 1153 1301 clamans,-¹

146 1315 220 1408 „ad
242 1309 470 1416 parandam
490 1316 599 1385 viam
620 1312 826 1399 Domiu0,
847 1331 889 1384 et
909 1331 1042 1386 rectas
1066 1307 1131 1385 fa·

146 1412 340 1514 „ciendas
367 1407 532 1484 semitas
560 1414 640 1485 Dei
663 1414 818 1498 nostri,
849 1429 889 1483 et
922 1416 1132 1512 aperirem

144 1506 324 1610 „oculos
349 1533 391 1586 ut
411 1508 604 1584 viderent
621 1520 827 1609 praesens
851 1506 1034 1602 salutare
1051 1513 1133 1584 Dei

147 1626 244 1713 „hos
255 1619 319 1705 tri,
332 1633 363 1685 et
376 1609 527 1685 videbam
541 1607 562 1683 s
579 1617 688 1707 iritum
702 1605 980 1684 san'ctumdedisl'e
992 1607 1133 1687 scribam

147 1715 318 1806 „doctum
339 1712 467 1811 linguas
483 1640 621 1782 erulltas
641 1728 674 1809 et
684 1735 814 1809 prorsus
827 1716 951 1810 igneas,
975 1717 1019 1784 ita
1032 1705 1066 1783 ut
1080 1708 1132 1784 su·

149 1815 284 1914 „perbia
300 1807 400 1898 esset,
414 1807 440 1880 st
453 1835 517 1908 ego
532 1808 652 1882 vellem
665 1830 739 1909 post
745 1812 934 1900 Lutherum,
949 1815 1147 1900 brentiutm,

149 1914 280 2012 „Philip
304 1937 365 1984 um
381 1904 447 1980 esse
471 1931 503 1981 et
528 1907 601 1983 fieri
623 1909 738 2008 aliquis
757 1935 871 1983 corvus
891 1931 946 1984 aut
969 1910 1136 2011 graculus·

148 1939 303 2111 „Scripll
305 2013 484 2112 posteriora
498 2014 610 2100 omnia
626 2008 762 2098 brevius,
786 2034 884 2110 quatu
901 2018 1056 2110 oportuit,
1070 2002 1132 2086 secl

146 2135 204 2204 „tu
226 2139 268 2184 ex
286 2113 454 2210 praeterita
477 2113 602 2182 visione
617 2128 648 2181 et
663 2110 796 2182 Lutheri
809 2104 944 2209 seriptis,
966 2114 1024 2185 ubi
1037 2138 1132 2184 suana

144 2234 202 2308 „et
216 2209 357 2284 aliorum
377 2204 608 2293 conscientiam
623 2209 827 2303 intenebris,
850 2214 888 2283 in
901 2207 1015 2286 medio
1029 2207 1132 2284 infer‘·

145 2319 204 2406 „ni
226 2316 367 2410 positam
380 2329 411 2382 et
426 2333 513 2384 nunc
525 2308 695 2384 liberatam
709 2306 880 2410 depingit,
902 2332 1026 2386 caetera
1038 2317 1131 2402 αοειί·μ

108 2458 111 2464 -
144 2414 281 2511 „tirabis
647 2491 650 2498 ,
920 2451 926 2464 =
1206 2420 1224 2506 ’ζ

243 2509 359 2603 „Nolo
374 2514 431 2582 ista
445 2507 533 2609 legat
544 2510 598 2582 vel
614 2512 773 2584 Lutheeus
790 2509 842 2584 vel
855 2512 1035 2615 Philippus,
1082 2504 1130 2585 uiss

144 2617 226 2703 „bus
237 2608 330 2709 saepe
348 2616 413 2680 ista
427 2602 583 2695 recensui,
599 2629 632 2681 et
647 2616 702 2708 qui
714 2612 836 2683 habent
849 2613 1000 2704 meliora,
1014 2538 1130 2714 qulbus
1194 2676 1197 2684 .

144 2728 234 2813 „pro
247 2711 342 2783 nobis
351 2724 560 2806 occupentur,
572 2702 629 2779 sed
644 2709 785 2808 reliquis,
799 2716 854 2810 qui
869 2737 907 2807 ea
920 2711 1037 2785 volunt
1050 2706 1131 2809 cogi
1212 2705 1234 2783 ’,3

145 2807 590 2903 „nosterecomtnunicabis
611 2809 692 2880 Non
702 2807 982 2911 pudetmeneque
997 2813 1132 2905 humilif
1217 2805 1231 2863 ·³

145 2919 241 3005 „tatis
261 2919 353 2983 meae
364 2933 471 3008 neque
488 2905 669 3011 Evangelii,
679 2907 770 3011 quod
783 2917 1037 3012 estpotentia
1050 2912 1136 2985 Dei

144 3011 218 3105 „ad
239 3007 408 3084 salutem
427 3012 541 3090 omni
559 3007 754 3085 credenti.
776 3016 821 3089 Et
833 3019 955 3118 gta'tias
973 3045 1038 3123 ago
1051 3015 1138 3099 Deo
1196 3002 1220 3101 J,

136 3115 264 3202 ,taur
273 3115 330 3209 qui
343 3106 469 3208 aperuit
484 3106 566 3181 mihi
580 3137 641 3210 per
653 3107 783 3187 servum
796 3111 902 3207 suum,
921 3125 1128 3212 virumDei,
1221 3107 1224 3113 ⁵

144 3214 368 3303 „Lutherum,
395 3227 428 3281 et
437 3204 591 3306 sspiritum
612 3206 759 3286 sanctum
773 3217 907 3306 oeulos,
924 3239 959 3292 ut
979 3221 1130 3298 viderem
1149 3304 1152 3309 ,
1201 3209 1222 3223 '⁸

142 3310 351 3412 „gloriam
376 3310 556 3396 Christi,
581 3311 764 3410 gloriam
795 3325 911 3414 quasi
935 3327 1129 3422 unigeni.
1202 3329 1205 3334 “

144 3418 201 3502 „ti
238 3438 257 3482 a
288 3429 431 3510 patre,
453 3407 571 3508 pleni
611 3417 749 3510 gratia
780 3434 820 3488 et
849 3424 1045 3509 veritate,
1078 3421 1131 3499 de

143 3511 281 3605 ,cujus
305 3505 581 3608 plenitudine
607 3538 753 3584 omnes
774 3522 1016 3618 accepimus
1040 3550 1132 3625 gra.

143 3618 277 3706 ,uiant
292 3635 368 3707 pro
393 3612 538 3709 gratia.
578 3611 1128 3714 Eju's‘gratiamnonabjiciam,sed
1159 3696 1162 3703 ,

143 3713 305 3799 „libenter
318 3707 399 3780 volo
415 3707 550 3806 gloriari
564 3710 597 3778 in
618 3712 838 3817 Dominogut
850 3722 1005 3794 inhabitet
1022 3729 1057 3795 in
1070 3751 1127 3796 me

120 3819 264 3898 .„virtus
280 3812 411 3880 Christi.
462 3808 542 3878 Die
567 3807 674 3880 vird
699 3808 796 3885 sich·
816 3819 903 3892 vol
929 3818 1126 3896 offenba·
1204 3880 1207 3886 .

143 3938 242 4004 „ren
264 3936 312 3982 zu
337 3911 478 3982 seiner
508 3907 614 3983 Zeit.
649 3904 781 4013 ¹,tltn'en
1115 3912 1119 3919 ’

907 3984 1034 4114 3.
