2474 4552
132 449 422 539 „Joachimica’,‘(irt
431 472 466 518 re
491 441 1110 541 noBohemiaesubcomiteSc'hlickin,)
1211 519 1214 524 .

132 542 397 638 „concionatoris
430 470 545 625 olllcio
573 543 680 646 fungi.
736 541 869 621 Ve'nisse
893 546 1109 648 postmodum

132 645 197 738 „ad
214 645 247 738 se
263 647 364 718 aliurn
379 651 589 734 monachum,
602 675 682 720 vero
695 646 1109 739 nomineFridericnrn,
1153 670 1157 677 '

132 753 194 837 „in
213 753 413 820 monasterio
431 769 540 820 autern
569 742 780 821 Franciacum
810 747 950 836 dictum,
984 773 1110 846 cogno·

132 868 273 932 „mento
287 850 468 938 Mecum,
494 874 592 946 quem
610 852 822 920 Vinarienses
839 848 1007 942 Monachi‚
1024 847 1110 948 spre-

64 1006 67 1012 .
132 967 192 1037 „to
209 949 372 1034 Johannis
389 951 490 1019 Ducis
504 945 660 1022 mandato
675 953 843 1020 Irenaeum
856 943 1011 1041 miserint,
1032 946 1110 1020 inde
1169 943 1219 1004 ·'

87 1138 89 1144 Ι
130 1044 294 1146 „Lipfiam
308 1044 527 1134 amandatum,
554 1068 585 1120 et
601 1074 704 1151 porro
719 1045 849 1142 jussum,
875 1066 910 1118 ut
927 1050 1109 1121 Annaeber-

131 1172 233 1246 „gam
256 1153 326 1238 iret,
348 1148 418 1242 (ubi
432 1144 559 1219 'scilicet
582 1151 717 1220 antehac
736 1174 812 1220 eum
833 1142 931 1219 fuisse
950 1148 1110 1220 intellexi·

102 1256 104 1261 ’
130 1249 270 1339 „rnus;)
303 1243 358 1318 sed
373 1268 448 1319 cum
465 1243 737 1345 deprehendisset,
761 1243 795 1318 se
814 1245 855 1319 ad
872 1247 998 1320 vincula
1019 1236 1129 1319 desti-¹

129 1351 236 1438 „nari
261 1342 421 1445 aufugisse
434 1351 471 1418 in
482 1351 597 1419 itinere
616 1367 647 1419 et
660 1345 701 1417 ad
722 1350 894 1420 Buschium
908 1343 1050 1437 vertisse,
1070 1347 1110 1418 ab

131 1449 223 1549 „lanc
243 1448 446 1518 Zuiccatiam
467 1441 533 1518 esse
552 1444 687 1531 missum
712 1455 793 1520 etc.‘.‘
918 1449 920 1454 ’

230 1579 398 1646 Zuiccavia
422 1575 510 1647 brevi
528 1552 604 1672 post
621 1570 713 1649 suum
733 1573 913 1658 ‚adventum
932 1568 1130 1676 epistolam}

131 1675 227 1747 illam
249 1673 523 1762 consolatoriam,
556 1700 654 1772 quarn
678 1669 799 1771 saepius
821 1681 1045 1775 excitauimus,
1070 1674 1110 1748 ad

133 1780 426 1880 Aunaemontanos
446 1769 545 1861 dedit,
566 1779 652 1866 cujus
670 1768 805 1867 summa]
820 1777 901 1847 haec
918 1795 975 1847 est.

234 1934 380 2002 Primum
394 1950 646 2015 commemorat,
663 1928 697 2002 se
709 1933 813 2030 probe
833 1927 923 2019 scire,
937 1933 1015 2034 quid
1029 1959 1110 2029 pon·
1205 1918 1215 1954 ’Χ

135 2031 252 2104 siliciae
268 2050 411 2103 catervae
427 2032 659 2129 Annaeruontii
674 2058 745 2102 nou
758 2028 866 2104 solum
883 2055 994 2106 contra
1010 2031 1111 2106 semet

98 2161 100 2171 ’
125 2129 250 2230 ¹ipsum,
276 2126 332 2203 sed
347 2148 459 2202 contra
475 2155 591 2202 omnes
605 2137 672 2202 veri
687 2126 846 2230 evangelii
858 2155 1021 2204 amatores
1036 2161 1109 2204 mo·

119 2228 260 2306 'liantun
310 2231 404 2301 Tum
425 2233 714 2316 Annaemontanis‚
737 2227 791 2302 sed
806 2258 881 2319 vere
894 2254 1030 2332 paterno
1044 2240 1111 2304 ani·
1181 2314 1187 2326 ⁸

130 2358 202 2420 mn,
222 2335 302 2404 vitio
316 2334 419 2420 vertit,
444 2327 534 2430 quod
547 2335 582 2401 in
595 2359 650 2403 usu
667 2332 817 2404 ciborum
830 2333 870 2402 ab
889 2332 1021 2404 ecclesia
1037 2359 1115 2430 pro«

63 2454 66 2458 ·
129 2433 309 2505 hibitotum
329 2448 443 2525 contra
461 2456 557 2502 verae
579 2431 783 2529 evangelicae
798 2431 951 2503 libertatis
963 2432 1053 2530 leges
1071 2435 1111 2504 ab
1179 2480 1183 2486 ·

130 2529 204 2638 ipsis
220 2542 388 2626 peccatum
403 2525 453 2617 fit,
476 2549 695 2628 utpotequos
721 2529 841 2616 deceat,
867 2531 990 2614 Paulini
1007 2537 1117 2604 consi·

104 2626 108 2635 ’
130 2633 168 2704 lii
186 2627 256 2700 esse
269 2654 447 2714 memores,
472 2627 562 2726 quod
578 2631 794 2700 inlicitorum
813 2656 871 2700 usu
890 2631 1110 2713 infirmiorum
1154 2640 1157 2645 ’

155 2754 265 2826 uoque
278 2747 465 2825 respectum
482 2729 593 2798 haberi
610 2733 726 2826 cupiat,
751 2754 851 2826 quum
871 2727 1014 2828 quidem,
1039 2740 1111 2804 urn-

131 2758 178 2902 llo
194 2826 255 2898 fint
270 2847 356 2899 recta
371 2847 402 2898 et
413 2827 569 2926 legitima,
591 2828 676 2899 licita
691 2830 753 2900 siut
769 2835 891 2916 oruuia,
915 2857 986 2903 uon
1002 2852 1114 2905 tamen·

133 2925 313 3030 expediant
326 2923 465 3025 semper,
494 2940 555 2998 nec
569 2933 708 3027 pietatis,
738 2933 915 3004 honestatis
935 2952 967 3002 et
989 2937 1111 3003 virtutis

130 3025 236 3102 sensui
251 3031 387 3126 prosint,
412 3045 506 3124 atque
522 3031 583 3100 hac
599 3029 672 3126 fieri
692 3035 829 3114 ratione,
853 3051 887 3101 ut
903 3030 1110 3129 evangelicae

129 3126 211 3202 fidei
226 3131 415 3227 praestantia
436 3129 677 3202 malevolorum
702 3129 882 3228 opprobrio
905 3152 935 3201 et
957 3129 1111 3202 detrecta-

131 3234 217 3302 tioni
233 3229 435 3324 exponatur.
484 3231 587 3301 Porro
612 3256 668 3301 eos
687 3228 853 3321 admonet,
872 3252 923 3300 ¹ne
944 3229 1014 3325 ullo
1029 3255 1111 3328 quo·

134 3355 234 3430 quam
249 3323 355 3398 modo
400 3327 622 3401 ontificiorum
643 3326 752 3400 denuo
772 3326 896 3424 laqueis
914 3324 979 3399 sese
995 3333 1111 3401 irretiri

132 3435 310 3530 patiantur3
333 3353 396 3498 sed
405 3435 499 3501 omni
511 3427 629 3501 fiducia
645 3424 758 3499 indeo
774 3445 868 3526 atquc
890 3432 963 3516 Jesu
977 3433 1111 3502 Christo
1144 3445 1149 3452 '
1198 3439 1200 3444 '

133 3534 239 3630 posita
252 3526 339 3597 firmi
353 3550 506 3600 maneant
521 3535 556 3603 in
571 3523 688 3601 tuenda
704 3531 771 3600 veri
787 3528 944 3626 evangelii
960 3526 1112 3629 profesfi·
1143 3539 1146 3559 ²
1196 3555 1215 3596 .’

135 3656 213 3715 one,
240 3629 527 3726 omniaquemala,
553 3629 668 3729 quibus
691 3630 753 3706 hac
775 3627 815 3700 de
836 3657 926 3709 causa
940 3633 980 3703 ab
1002 3631 1114 3703 adver-

134 3735 225 3802 sariis
241 3725 434 3825 affligantur,
462 3747 645 3801 constanter
680 3724 829 3803 ecferant.
852 3733 998 3833 Qbus
1013 3729 1113 3816 addit,

134 3827 168 3904 se
193 3825 298 3927 ipsum
321 3849 504 3928 expertum,
531 3855 629 3928 quam
654 3754 897 3922 difficiliahaec
924 3836 1036 3904 omnia
1053 3827 1116 3902 fiat

140 3925 318 4021 observatu,
337 3957 399 4006 uec
413 3949 524 4025 tamen
539 3956 692 4030 unquam·
705 3929 897 4008 destitutum
911 3927 1010 4005 fnisse
1027 3933 1121 4004 aursi-⁴
