2474 4552
194 372 342 450 confiteri
363 359 431 460 vos,
457 372 546 475 quod
568 372 790 452 indifferenter
806 376 963 456 offeratur
984 405 1014 457 et
1027 408 1172 459 sumatur

192 504 214 570 a¹
233 482 291 576 piis
313 496 344 548 et
366 480 489 575 impiis,
515 476 648 549 credulis
673 500 703 550 et
725 480 914 571 incredulis,
939 488 1119 583 hypocritis
1141 508 1171 561 et

115 616 121 627 ·
191 579 341 662 sinceris,
362 580 429 647 sive
452 599 484 647 ut
509 579 619 648 Paulus
643 578 803 677 loquitur,
836 580 943 680 dignis
965 606 995 656 et
1018 584 1170 685 indignis.
1196 636 1202 647 ·

42 780 49 793 ,
92 748 94 753 ,
192 673 255 757 Sed
270 695 379 771 'tamen
395 673 534 774 dignitas
550 698 581 748 et
597 677 768 778 indignitas
787 688 983 755 sumentium
1000 685 1085 756 nihil
1101 714 1172 758 tnu-

191 798 258 858 tant
271 778 311 850 de
328 780 525 848 institutione
540 776 672 849 dicentis
689 782 809 850 Christi
826 800 884 852 etc.
936 786 981 854 lta
1000 805 1034 855 ut
1051 788 1086 856 in
1103 774 1172 858 ma:

191 913 236 959 nu
252 875 387 977 indigne
407 873 521 963 dantis,
546 895 577 947 et
592 904 649 948 ore
664 878 799 976 indigue
813 875 1034 976 manducantis
1058 903 1170 959 tamen

190 998 265 1059 'aere
287 985 328 1051 sit
345 974 440 1063 illud,
465 973 554 1075 quod
579 980 724 1071 Christus
742 974 807 1050 esse
821 977 909 1067 dicit,
929 976 969 1053 sc
987 1009 1105 1081 corpus
1119 1011 1170 1058 su-

187 1110 244 1176 upa
262 1100 292 1153 et
306 1081 508 1176 saraguineru,
530 1103 600 1149 non
616 1082 689 1176 quia
705 1075 797 1149 datur
811 1098 842 1150 et
856 1077 1005 1173 creditur,
1020 1080 1077 1167 sed
1092 1089 1169 1182 quia

174 1188 334 1279 'Christus
349 1180 427 1271 jubit
442 1198 473 1260 et
487 1174 573 1263 dictt.
614 1179 667 1248 De
684 1180 727 1257 iis
745 1173 935 1266 deliberent,
955 1200 987 1253 et
1000 1207 1071 1252 cras
1088 1181 1168 1282 quial

187 1279 335 1379 cpoliteri
349 1273 481 1376 posfint,
504 1295 558 1348 aut
573 1274 673 1348 velint
688 1273 807 1349 docere
822 1278 1010 1369 nobiscum,
1034 1286 1119 1355 inter
1134 1309 1167 1356 se
1182 1355 1184 1362 ,

110 1408 117 1421 “
187 1376 370 1483 cpuferant,
397 1397 427 1449 et
440 1371 520 1448 feria
536 1376 656 1473 quana,
683 1372 1008 1475 quaefuit23.Maji,
1030 1407 1167 1482 respon·

188 1485 296 1573 deaut.
345 1477 373 1551 F
375 1481 440 1549 ecia
462 1483 571 1575 quarta
591 1495 665 1573 post
685 1502 801 1550 vocem
823 1476 1049 1568 jucunditatis,
1081 1509 1166 1582 quae

184 1582 247 1661 fuit
274 1583 333 1652 23.
355 1579 459 1671 Maii,
487 1580 573 1648 'hora
599 1581 689 1647 tertia
716 1597 790 1674 post
824 1577 1167 1668 nteridiern‚.otnnes

97 1683 100 1686 ⁴
185 1687 348 1779 utriusque
366 1680 467 1777 partis
489 1674 530 1747 ad
552 1672 646 1747 aedes
668 1678 798 1749 Luthcri
823 1683 1065 1750 convenimus·
1096 1684 1164 1753 Ubi

184 1811 261 1857 cum
282 1777 480 1851 sedissemus
502 1801 629 1862 omnes,
655 1780 781 1873 repetiit
804 1776 940 1871 breviter
963 1805 1045 1878 quae
1057 1771 1166 1878 pridie

184 1899 402 1982 proposuerat
418 1881 591 1959 Lutherus,
616 1895 648 1947 et
665 1879 833 1974 quaesivit,
858 1904 899 1947 an
914 1886 1093 1953 revocatori
1113 1907 1164 1952 es·
1216 1892 1221 1905 ¹

183 1979 264 2071 sent,
290 1983 404 2077 siquis
428 1981 600 2074 quicquam
627 1971 788 2047 diversum
812 2001 829 2045 a
853 1982 1014 2071 sententia
1029 1983 1163 2068 Christi,

183 2083 361 2179 scripturae
376 2096 406 2148 et
422 2074 580 2147 ecciesiae
597 2072 666 2145 ullo
687 2071 792 2146 ruodo
814 2071 982 2150 docuisset.
1011 2079 1163 2153 ‘Deinde

182 2183 373 2255 sententiam
388 2174 429 2254 de
444 2200 516 2245 vera
530 2177 707 2271 praesentia
731 2177 774 2244 in
795 2173 847 2246 vel
871 2201 961 2246 curn
989 2203 1074 2275 pane
1087 2206 1162 2251 coe-

182 2306 244 2355 nae
258 2280 406 2361 Domini,
431 2277 577 2370 corporis
591 2275 722 2360 Christi,
745 2274 843 2370 quam
856 2275 1026 2348 nobiscum
1040 2277 1162 2352 vellent
1200 2320 1204 2326 ·

181 2398 363 2454 constanter
379 2395 410 2445 et
423 2370 631 2461 concorditer
644 2369 774 2459 docere,
797 2372 1005 2472 explicarent,
1030 2396 1063 2450 et
1082 2404 1160 2479 pro.

181 2483 287 2554 batam
301 2472 445 2548 facerent
458 2472 570 2546 nobis.

277 2695 418 2762 Bucerus
435 2689 578 2784 primurn
594 2679 763 2757 confessus
778 2705 839 2774 est,
848 2710 882 2756 se
897 2684 980 2774 olim
995 2687 1157 2787 quaedam

27 2816 31 2824 “
96 2860 100 2866 .
180 2820 250 2868 non
276 2795 350 2861 satis
370 2788 453 2857 clare
474 2810 505 2856 et
532 2785 688 2882 explicate
712 2779 923 2874 intellexisse,
957 2796 1158 2888 nequesatis
1219 2797 1222 2802 ’

164 2884 315 2993 “probate
328 2880 484 2970 docuisse,
502 2910 583 2983 quae
596 2889 714 2970 statim,
739 2904 774 2956 ut
797 2881 967 2973 didicisset,
994 2896 1158 2964 correxis-

110 3069 116 3079 ,
179 2993 243 3080 set,
263 2981 447 3062 revocasset
469 3005 500 3055 et
519 2979 707 3054 recantasset
725 3009 818 3055 snum
841 3010 998 3061 errorent.
1047 2993 1157 3089 Atque

131 3136 132 3141 κ
179 3093 275 3186 vellet
293 3095 327 3161 in
337 3106 521 3186 posterum,
546 3109 588 3154 ne
602 3087 652 3154 cui
669 3080 753 3154 esset
766 3080 886 3155 erroris
904 3112 1005 3180 cansa,
1024 3114 1155 3162 revoca·

97 3186 99 3190 Α
179 3223 225 3281 re,
251 3208 412 3273 recantare
433 3209 502 3270 ote,
523 3178 651 3280 scripto,
670 3203 702 3254 et
726 3181 976 3280 quovismodo.
1023 3188 1154 3263 Deinde

180 3288 268 3394 quod
283 3286 323 3361 ad
338 3285 590 3385 explicationem
612 3308 704 3354 verae
725 3287 903 3356 sententiae
919 3283 1047 3359 devera
1061 3314 1153 3387 prae·

179 3396 278 3465 sentia
295 3390 445 3485 corporis
463 3387 583 3457 Christi
603 3386 645 3454 in
670 3380 723 3453 vel
741 3408 828 3454 cunt
853 3408 937 3481 pane
951 3402 1075 3460 coenae
1092 3410 1152 3464 etc.

178 3497 299 3574 attinet,
321 3514 355 3559 se
372 3479 430 3557 suo
446 3503 478 3557 et
488 3483 639 3571 aliorum,
656 3507 797 3579 quorum
813 3487 887 3560 nota
907 3503 939 3556 et
959 3493 1152 3561 sententiam

178 3594 317 3666 habetet¹
335 3611 410 3657 curn
443 3610 485 3655 ex
519 3583 676 3655 Helvetiis
703 3600 772 3652 turn
799 3581 954 3675 Plauteri,
984 3585 1152 3668 confiteri:

145 3707 147 3712 '
178 3697 267 3766 hunc
281 3684 399 3786 panem
416 3709 490 3754 vere
505 3677 571 3753 esse
583 3707 703 3781 corpus
720 3686 856 3764 Christi,
875 3685 943 3755 hoc
963 3693 1075 3761 vinum
1097 3714 1152 3761 ve·

178 3818 214 3866 re
227 3785 298 3863 esse
313 3786 507 3882 sanguinem
524 3784 657 3872 Christi,
680 3808 781 3881 eaque
796 3808 870 3854 vere
892 3778 1003 3856 offerri
1018 3813 1076 3884 per
1090 3793 1150 3860 mi-
1174 3784 1180 3792 ’
1196 3774 1200 3778 ’

148 3882 152 3905 ’
179 3896 314 3967 nistrutn
325 3885 443 3961 Christi
456 3875 678 3965 indifferenter
698 3882 848 3958 omnibus
868 3886 1077 3978 sumentibus,
1101 3891 1150 3965 ni·
