2474 4552
1072 303 1147 384 117.

99 507 101 511 ,
156 393 342 517 surndatis,
363 425 479 500 additis
502 451 635 531 quoque
657 431 795 502 Antonii
817 431 915 517 Probi
937 448 968 503 et
985 433 1143 505 Pancratii

156 532 359 602 Sussebachii
382 529 584 611 orationibus
604 533 640 600 ia
656 533 728 624 ejus
750 531 920 604 honorem
946 532 1080 620 habitis,
1104 536 1141 605 in

104 690 116 717 ,ἢ
153 656 257 709 unum
269 628 448 716 collectae,
461 626 503 700 ad
519 633 578 700 viri
591 633 792 703 memoriam
806 629 931 702 firmius
946 628 1140 706 servandam

112 731 135 779 ‘¹
152 721 240 829 typis
255 726 366 804 denuo
382 730 615 800 exscribantur.
681 727 813 807 Vellem
830 729 964 828 quidem
978 736 1047 828 ipse
1060 737 1140 824 ejus·
1189 807 1194 813 ,

151 828 247 910 modi
264 832 622 928 scriptorumMyeonii
631 855 707 900 curn
715 825 940 905 additamentis
954 828 1136 906 editionem

150 929 331 1016 adornares
356 957 457 1029 quum
478 950 588 1006 autem
610 935 753 1002 muneris
774 933 856 1001 mihi
876 916 1063 1004 demandati
1079 958 1136 1005 ne·

115 1032 131 1039 ”
150 1037 242 1132 gotia
255 1034 329 1101 satis
343 1040 503 1128 sbperque
520 1056 580 1101 me.
594 1048 723 1101 teneant
737 1047 939 1127 ,occupatum
963 1051 1058 1129 atque
1073 1037 1135 1105 im-

148 1129 311 1235 peditum,
334 1129 405 1201 aliis
417 1133 549 1218 irretito,
571 1131 685 1228 quibus
700 1156 736 1201 ea
751 1135 910 1228 inspicere
930 1129 1025 1202 liceat
1036 1136 1135 1205 cime-
1229 1134 1234 1143 ’

96 1224 99 1229 ’
123 1230 127 1236 ’
148 1235 204 1318 lia,
230 1259 312 1330 quae
327 1234 387 1302 hac
401 1227 442 1302 de
456 1255 494 1316 re,
505 1235 540 1301 in
554 1229 760 1302 bibliothecis
773 1223 913 1329 publicis=
929 1249 961 1302 et
982 1234 1132 1318 archivis,

130 1336 299 1407 'Vinariae
316 1335 573 1427 potissimumue
588 1333 728 1418 Gothae,
741 1350 950 1417 asservantur,
969 1335 1062 1424 hujus
1077 1329 1133 1404 de·

147 1431 256 1506 siderii
273 1427 429 1527 explendi
446 1426 694 1527 relinquendam
706 1427 843 1523 judicavi
861 1435 1149 1528 provinciam,ut·1

147 1552 227 1633 pote
244 1536 315 1602 satis
328 1530 459 1616 habens,
466 1532 683 1600 characterem
692 1532 847 1621 Myconii
861 1534 1055 1626 scriptorum
1069 1535 1131 1604 ho·
1232 1526 1235 1532 ¹

147 1658 288 1730 rumque
302 1655 367 1727 ope
380 1633 491 1726 ipsius,
514 1625 603 1726 quod
619 1633 653 1699 in
669 1655 711 1701 eo
724 1625 797 1714 fuit,
821 1635 947 1727 ingenii
960 1636 1130 1728 animique

110 1791 124 1814 ,
146 1753 261 1806 notam
274 1756 361 1801 nunc
378 1748 503 1821 ‚tautum
520 1733 708 1800 summatim
723 1733 918 1826 exprimere.
940 1725 1144 1829 'Atqueltic'
1176 1742 1178 1750 '

146 1836 310 1930 imprimis
334 1824 542 1901 mouendum
572 1825 717 1912 videtur,
743 1835 897 1900 omnium
920 1835 1009 1922 ejtrs,
1034 1851 1130 1930 quot·

123 2016 125 2023 Ι
172 1949 231 2004 uot
254 1946 388 2015 exstant,
413 1933 607 2026 scriptorum
619 1930 706 2001 hauc
717 1953 784 2000 esse
802 1933 1038 2017 rationem,'ut
1052 1958 1129 2006 cum

145 1959 217 2105 hee
232 2032 414 2126 comparari
428 2032 570 2127 possint,
596 2053 659 2126 qua
678 2028 850 2127 permultis
869 2033 906 2101 in
928 2031 1022 2104 rebus
1044 2023 1155 2115 tem-*¹

146 2135 221 2230 pori
235 2156 297 2209 suo
309 2125 396 2200 haud
411 2124 653 2217 contemnenda
672 2127 736 2209 lux,
751 2147 930 2228 spargatur,
974 2129 1128 2218 delicet

141 2229 264 2306 hocde
282 2230 435 2301 omnibus
458 2225 522 2300 dici
537 2232 649 2327 possit,
673 2225 763 2302 laudi
785 2248 896 2301 tamen
916 2235 1135 2343 potissipsum¹
1197 2224 1199 2229 ’

139 2325 349 2404 tribuendum
363 2330 567 2427 autographo
584 2326 630 2399 illi
639 2332 904 2424 historicmcujus
917 2330 1126 2405 mentionem

140 2434 325 2528 saepissime
340 2433 373 2499 iu
387 2431 487 2500 hacce
503 2434 688 2500 narratione
705 2423 855 2514 fecimus,
881 2449 913 2500 et
927 2437 961 2525 in
976 2457 1043 2529 quo
1057 2434 1133 2514 veri,

140 2535 287 2609 historici
298 2547 553 2626 persmramtam
566 2523 771 2599 laudabiliter
791 2530 1065 2643 epitMyconius,
1088 2549 1126 2603 ut
1192 2544 1194 2554 '

142 2629 395 2723 luculentissime
408 2645 572 2726 appareat,
585 2653 673 2714 eum,
690 2645 804 2724 utpote
816 2624 860 2696 'ad
874 2628 1023 2700 historias
1036 2655 1127 2702 enar·
1199 2704 1216 2730 ο

119 2816 122 2821 ,
140 2719 257 2804 raudas
272 2726 394 2825 abipsa
409 2745 522 2799 natura
539 2721 662 2799 factum
676 2740 902 2827 etquenatu'm,
924 2730 1017 2807 ¹,hisce
1030 2731 1065 2800 in
1078 2756 1129 2802 re·

142 2833 211 2916 bus,
236 2832 297 2899 nisi
321 2828 390 2898 aliis
412 2820 586 2926 occupatus
605 2822 718 2899 fuisset
735 2832 889 2927 negotiis,
910 2826 1034 2928 aliquid
1058 2823 1148 2901 exi-J

141 2934 203 3005 mii
247 2946 382 3000 raestare
401 2931 561 3026 potuisse.
610 2928 703 3000 Tota
725 2926 885 3014 videlicet,
910 2955 1010 3028 quam
1034 2932 1128 3001 exhi·

142 3032 196 3103 ber
211 2955 268 3102 ille
284 3026 423 3114 libellus,
444 3052 555 3105 rerum
570 3047 735 3126 gestarum
750 3031 912 3126 expositio
936 3028 1126 3104 emendato·

140 3148 397 3210 rumsacrorum
412 3132 558 3226 origines
573 3128 674 3226 atque]
680 3129 880 3226 progressus,
901 3154 963 3201 nec
976 3139 1053 3220 juon
1071 3128 1126 3203 ad·

104 3284 106 3289 ’
128 3291 133 3301 “
211 3281 309 3335 hibent
329 3279 364 3352 de
376 3279 499 3348 Christo,
517 3299 601 3355 quern
622 3281 761 3347 viderrmt,
778 3279 950 3350 audiverunt,
968 3294 1129 3342 contrecta-e¹

155 3408 159 3421 ,
182 3398 185 3407 .
211 3360 323 3414 rerunt,
337 3349 452 3420 plenum
467 3353 595 3422 glutinet
604 3353 736 3417 peritate:
760 3365 786 3405 et
807 3352 863 3421 qui,
880 3370 1059 3424 quaecuuque
1077 3350 1129 3409 aea

212 3421 311 3491 cupita
325 3435 412 3489 patro,
428 3420 504 3474 dedit
515 3416 608 3474 nobis:
637 3421 693 3486 Qui
706 3435 773 3472 sero
787 3417 854 3471 haec
869 3429 1057 3489 contemnunt,
1066 3423 1126 3478 De-

210 3509 267 3553 uur,
286 3487 422 3557 Spiritum
435 3500 569 3553 sanctum,
589 3488 750 3560 discipulos,
767 3488 918 3552 veritatem,
936 3491 1055 3560 gratiam
1064 3491 1126 3559 Dei,

211 3559 297 3612 uitam
317 3567 472 3628 aeternam,
486 3576 518 3612 ae
536 3556 651 3612 salutem
671 3575 726 3627 pro
746 3557 819 3609 riam
838 3566 1026 3614 contemnunt.
1062 3561 1128 3617 Non

157 3659 160 3663 ⁴
211 3629 286 3680 enim
302 3635 341 3679 est
355 3626 430 3680 aliud
444 3626 615 3686 nomennub
630 3625 706 3679 coelo
722 3574 818 3679 latum
840 3623 1009 3694 hominibus,
1027 3630 1056 3682 in
1070 3648 1127 3701 quo

138 3743 142 3748 f
197 3703 387 3766 *oporteatne
406 3707 540 3766 quaerero
555 3695 751 3764 remissionem
764 3703 947 3766 pcccatorum,
962 3711 1009 3750 orit
1024 3697 1129 3752 saluum

156 3790 161 3809 .
213 3765 292 3830 fieri,
307 3764 360 3815 nisi
381 3762 621 3829 nomenDurnini
639 3765 731 3817 nostri
742 3762 809 3816 Jesn
824 3761 937 3819 Christi.
956 3817 958 3821 ,
973 3766 1070 3836 Neque
1083 3779 1131 3821 est
1167 3804 1169 3808 ι

218 3833 270 3886 alia
284 3832 432 3887 satisfactio
446 3836 503 3904 pro
516 3834 642 3903 peccatis,
659 3851 743 3904 quam
757 3832 910 3900 Agrium
931 3831 978 3906 qni
993 3844 1034 3886 est
1049 3836 1132 3887 victi-

96 3940 108 3979 ,
129 3930 136 3960 i
216 3919 336 3976 rnapro
355 3902 448 3968 nubis,
468 3910 495 3958 et
507 3918 562 3973 pro
582 3906 701 3973 peccatis
721 3901 806 3954 totius
818 3903 931 3956 muudi:
951 3904 994 3955 cni
1014 3903 1135 3963 debenu-
1156 3931 1161 3942 =
1227 3919 1230 3924 ·

137 4035 142 4043 Ι
221 3965 1136 4044 victoria,vinciebanturmplormmseculaseculotnm,Amern‘f
