2474 4552
1102 292 1228 370 21*

162 422 219 511 „lii
234 420 330 498 fuisse
349 428 384 495 in
399 423 460 494 lrac
473 417 601 494 erraodr
617 439 649 493 et
662 414 811 519 reptandi
829 413 1028 525 inscopulis
1047 444 1150 520 angu-

106 584 109 589 .
159 530 250 612 „stin
301 526 369 596 Ubi
386 519 549 608 descendi,
573 517 788 592 deliberabam
811 520 969 620 bfevibus,
992 517 1071 618 quid
1085 526 1147 592 mi·
1223 564 1226 571 ·

158 625 219 711 „hi
236 619 323 697 esset
335 618 533 717 faciendum,
552 622 690 693 breviter
701 646 750 692 res
770 614 836 719 ipsa
852 622 993 719 cogebat
1008 618 1144 693 conclu·

158 723 261 811 „dere
285 722 473 814 consilium,
496 716 796 794 commendandam
815 717 881 792 esse
903 725 1048 792 animam
1073 745 1142 792 me·

156 849 236 914 „am
251 825 397 911 Christo,
423 826 503 894 etin
519 846 635 894 manus
647 821 710 891 Dei
731 825 839 919 patris,
863 840 896 892 et
909 815 1143 895 moriendum:

153 949 287 1024 „neque
302 927 392 995 enim
406 920 584 1007 ambulare,
610 946 671 992 nec
683 938 766 992 stare
778 919 858 992 ultra
866 946 943 1020 prae
956 917 1139 993 testudine
1199 910 1203 918 ¹

90 1068 92 1080 ·
138 1042 336 1123 .„poterarn.
388 1025 625 1121 circumspicio
642 1039 772 1118 ergoet
787 1015 884 1092 video
904 1014 962 1091 sub
974 1022 1064 1117 petra
1080 1045 1139 1091 an·

152 1122 306 1223 „gulutm
331 1149 398 1222 quo
414 1148 473 1194 me
482 1146 653 1220 compono
671 1139 703 1191 et
715 1114 826 1208 sedeo,
848 1137 880 1192 et
901 1138 994 1218 caput
1009 1136 1040 1190 et
1054 1137 1137 1192 utra-

149 1249 239 1323 „que
258 1221 357 1295 latera
373 1221 452 1294 illuc
472 1221 614 1306 reclino;
635 1225 700 1314 jam
723 1246 839 1292 manus
851 1214 1079 1304 extendebam,
1103 1235 1137 1290 et

149 1321 290 1413 „oculos
309 1319 351 1393 ad
365 1320 495 1395 coelum
515 1320 673 1408 levabam,
697 1325 794 1393 anxie
813 1316 1049 1395 commendans
1063 1321 1137 1416 Spi-

149 1429 273 1512 „ritum
286 1448 399 1495 meum
414 1427 450 1495 in
465 1448 578 1494 manus
591 1423 656 1493 Dei
670 1423 779 1494 Patris.
815 1423 859 1493 Et
871 1416 951 1492 dum
962 1423 1004 1491 ita
1020 1413 1131 1507 sedeo,

147 1541 360 1622 „exspectans
376 1520 577 1596 voluntatem
593 1521 743 1607 Domini,
751 1527 842 1595 ecce!
859 1517 959 1594 audio
975 1523 1064 1620 quasi
1079 1544 1133 1593 ve·

144 1626 264 1724 „stigio
277 1620 393 1721 procul
407 1619 600 1694 ambulantis
614 1641 646 1694 et
662 1617 841 1695 accedentis
856 1625 1015 1707 hominis,
1037 1618 1132 1704 duras·
1150 1639 1154 1647 “

148 1747 237 1823 „que
253 1718 381 1794 arrectis
395 1722 522 1794 auribus
533 1724 676 1797 intentus
688 1746 777 1808 rum,
799 1749 841 1794 an
855 1726 1025 1823 quisquam
1040 1726 1132 1793 veui·

147 1816 223 1912 „utx
237 1819 360 1892 accedit
373 1818 413 1891 ad
432 1846 488 1891 me
501 1824 549 1891 uir
561 1817 694 1918 quidam
708 1817 871 1893 mediocri
884 1822 1013 1908 statura,
1035 1817 1128 1895 fron·
1151 1866 1158 1889 ς

145 1941 203 2010 „te
216 1913 336 2001 serena,
365 1916 422 1992 sed
430 1918 528 2007 calva,
552 1918 689 2017 capillus
704 1939 736 1991 et
750 1920 855 2009 barba,
876 1944 973 2020 quam
987 1920 1125 1994 habebat

142 2017 353 2120 ‚,prolixam,
386 2017 426 2092 ad
448 2038 617 2103 castaneae
645 2023 734 2101 nucis
756 2018 906 2092 colorem
928 2021 1122 2106 inclinabat,
1188 2105 1193 2113 1

140 2135 257 2209 „erant
268 2125 385 2216 aspersi
400 2123 472 2190 cani
484 2117 610 2217 capilli,
632 2122 761 2190 vestitus
781 2139 848 2193 erat
868 2125 1001 2194 interius
1017 2120 1120 2193 brevi·
1219 2138 1223 2143 ’

133 2217 210 2316 '„or,
218 2215 327 2291 viridis
342 2222 458 2306 tunica,
479 2213 560 2290 foris
576 2223 711 2290 amictus
723 2217 817 2291 rubra
828 2218 1017 2312 chlamyde,
1040 2247 1117 2292 cum

113 2314 118 2323 ⁸
136 2315 254 2408 „nodo
272 2322 305 2388 in
314 2314 438 2416 scapula
451 2315 583 2390 smistra.
607 2319 683 2418 Ego
704 2323 815 2392 statim
828 2318 909 2406 uidi,
919 2317 1118 2393 divumPau·
1203 2316 1206 2328 '
1233 2372 1236 2379 -

137 2416 230 2508 „lum
245 2413 322 2504 ease,
345 2416 423 2490 licut
435 2415 529 2505 illum
543 2422 636 2516 pingi
658 2416 802 2492 videram
818 2419 1113 2519 'interApootuloe

134 2522 190 2609 „ls
210 2542 265 2588 me
286 2521 465 2616 interrogat
484 2515 613 2588 dicens:
637 2518 695 2588 Tu
717 2517 796 2617 quid
811 2524 904 2620 agini
944 2525 1009 2593 Cui
1030 2541 1114 2617 ego:

133 2613 312 2706 „deductus
326 2612 446 2709 lumin
465 2641 626 2701 eremum,
637 2640 744 2714 neque
760 2611 827 2690 scio
848 2646 866 2689 a
882 2645 949 2716 quo
963 2639 1017 2691 aut
1032 2645 1114 2716 quor
1204 2604 1209 2613 ’

131 2713 276 2811 „modo
301 2718 418 2787 Unum
430 2709 508 2801 scio,
530 2709 614 2785 atleo
634 2709 801 2786 confectus
818 2711 889 2787 sum
907 2714 1066 2815 reptando
1081 2737 1112 2790 et
1215 2748 1218 2752 ’

132 2842 212 2906 „me
227 2812 410 2911 eripiendo,
434 2810 488 2886 fed
503 2809 584 2884 dum
595 2811 719 2899 labore,
742 2809 843 2903 fame,
865 2812 925 2903 firi,
939 2843 978 2908 ac
991 2812 1113 2890 dolore
1145 2859 1150 2867 ·

115 2911 329 3005 „,c0nficior‚
352 2911 489 3013 despero
503 2908 545 2984 de
557 2916 718 2999 evasione,
742 2919 816 3013 quia
832 2911 929 2988 video
943 2917 1030 2989 hanc
1041 2943 1109 2990 ere·

116 3037 247 3106 „mum
261 3017 296 3085 in
308 3011 472 3086 infinitum
487 3010 691 3111 porrectam:
712 3009 791 3086 ideo
809 3041 865 3087 me
885 3019 940 3088 hic
951 3013 990 3087 ad
1005 3022 1107 3088 muri-

111 3109 275 3206 „endum
288 3120 470 3211 compono,
494 3114 667 3210 Deumque
687 3137 762 3200 oro,
787 3133 823 3186 ut
843 3118 925 3186 mihi
948 3140 1008 3212 pro
1035 3121 1106 3187 itius

127 3217 468 3312 „peccatorianimam
484 3236 591 3284 meam
612 3209 766 3311 suscipiat.
816 3141 1107 3285 Haccvin.cllcere

104 3377 106 3381 Α
126 3332 266 3413 „potens
282 3307 363 3385 dixi.
411 3310 471 3385 llle
490 3337 569 3383 vero
591 3304 695 3385 subito
708 3309 757 3409 ad
771 3337 832 3383 me·
847 3302 978 3399 accedit,
1003 3338 1106 3385 mauu

125 3410 263 3505 „dextra
279 3408 435 3484 sinistram
452 3437 561 3487 meam
583 3415 705 3508 arripit,
732 3430 764 3481 et
778 3416 812 3482 in
816 3408 923 3513 pedes
936 3418 1040 3484 statuit
1054 3413 1100 3484 di·
1132 3418 1135 3423 ’

124 3535 241 3605 „const
272 3514 423 3610 Surge,
457 3532 498 3584 et
522 3537 584 3585 me
609 3515 813 3584 comitare
833 3538 876 3582 ac
906 3507 1100 3612 sequ-ere,

123 3636 213 3707 „res
238 3629 331 3684 tuae
363 3609 565 3682 meliores
586 3627 719 3688 ‚erunt
769 3613 824 3682 Ah
843 3611 989 3699 Domine
1002 3615 1097 3698 Deus

122 3737 238 3806 „meus
252 3737 350 3812 quam
365 3710 585 3786 exhilarabat!
607 3706 671 3781 Sed
692 3706 850 3785 tremebat
865 3709 1101 3784 moribundum
1164 3763 1166 3767 ψ

90 3827 93 3833 ’
121 3830 282 3912 ,,εοιῬυε,’
299 3830 331 3884 et
344 3808 500 3884 incedere
520 3834 589 3881 non
611 3815 712 3908 potui.
760 3813 821 3883 llle
842 3837 1097 3894 veromecom·
1186 3832 1193 3843 “

117 3910 293 4019 ,plectitur
307 3907 431 4005 deatra,
453 3917 494 3984 ita
511 3929 655 4011 portans,
676 3927 711 3984 ut
727 3917 783 3987 vix
803 3907 1000 4010 pedetentim
1017 3915 1100 3984 inter
