<?xml version="1.0" encoding="UTF-8"?>
<!DOCTYPE html PUBLIC "-//W3C//DTD XHTML 1.0 Transitional//EN"
    "http://www.w3.org/TR/xhtml1/DTD/xhtml1-transitional.dtd">
<html xmlns="http://www.w3.org/1999/xhtml" xml:lang="en" lang="en">
 <head>
  <title>
</title>
<meta http-equiv="Content-Type" content="text/html;charset=utf-8" />
  <meta name='ocr-system' content='tesseract 3.04.00' />
  <meta name='ocr-capabilities' content='ocr_page ocr_carea ocr_par ocr_line ocrx_word'/>
</head>
<body>
  <div class='ocr_page' id='page_1' title='image "./narratiodefride00lommgoog_0093.png"; bbox 0 0 2474 4552; ppageno 0'>
   <div class='ocr_carea' id='block_1_1' title="bbox 37 272 1211 700">
    <p class='ocr_par' dir='ltr' id='par_1_1' title="bbox 37 272 1211 598">
     <span class='ocr_line' id='line_1_1' title="bbox 37 272 1082 367; baseline 0.008 -27"><span class='ocrx_word' id='word_1_1' title='bbox 37 329 41 340; x_wconf 83' lang='lat'><strong>.</strong></span> <span class='ocrx_word' id='word_1_2' title='bbox 172 272 223 349; x_wconf 64' lang='grc' dir='ltr'>’,Ὦ</span> <span class='ocrx_word' id='word_1_3' title='bbox 732 352 736 358; x_wconf 68' lang='grc'><strong>,</strong></span> <span class='ocrx_word' id='word_1_4' title='bbox 1075 356 1082 367; x_wconf 53' lang='grc'><strong><em>,</em></strong></span> 
     </span>
     <span class='ocr_line' id='line_1_2' title="bbox 175 395 1169 502; baseline -0.003 -33"><span class='ocrx_word' id='word_1_5' title='bbox 175 395 266 499; x_wconf 81' lang='lat' dir='ltr'>Qid</span> <span class='ocrx_word' id='word_1_6' title='bbox 282 401 381 497; x_wconf 84' lang='lat' dir='ltr'>igitur</span> <span class='ocrx_word' id='word_1_7' title='bbox 401 402 538 492; x_wconf 79' lang='lat' dir='ltr'>mirum,</span> <span class='ocrx_word' id='word_1_8' title='bbox 561 399 587 502; x_wconf 69' lang='lat' dir='ltr'>ei</span> <span class='ocrx_word' id='word_1_9' title='bbox 602 420 692 469; x_wconf 87' lang='lat' dir='ltr'>anno</span> <span class='ocrx_word' id='word_1_10' title='bbox 707 400 936 495; x_wconf 84' lang='lat' dir='ltr'>jam-sequente</span> <span class='ocrx_word' id='word_1_11' title='bbox 947 421 1052 496; x_wconf 88' lang='lat' dir='ltr'>aeque</span> <span class='ocrx_word' id='word_1_12' title='bbox 1066 396 1169 496; x_wconf 87' lang='lat' dir='ltr'>insig-</span> 
     </span>
     <span class='ocr_line' id='line_1_3' title="bbox 178 499 1211 598; baseline -0.003 -25"><span class='ocrx_word' id='word_1_13' title='bbox 178 505 232 574; x_wconf 88' lang='lat' dir='ltr'>nis</span> <span class='ocrx_word' id='word_1_14' title='bbox 252 499 422 589; x_wconf 90' lang='lat' dir='ltr'>Mycouio</span> <span class='ocrx_word' id='word_1_15' title='bbox 448 501 625 595; x_wconf 83' lang='lat' dir='ltr'>aperiretur</span> <span class='ocrx_word' id='word_1_16' title='bbox 645 522 794 596; x_wconf 83' lang='lat' dir='ltr'>campus,</span> <span class='ocrx_word' id='word_1_17' title='bbox 819 501 854 568; x_wconf 87' lang='lat' dir='ltr'>itt</span> <span class='ocrx_word' id='word_1_18' title='bbox 873 523 942 595; x_wconf 86' lang='lat' dir='ltr'>quo</span> <span class='ocrx_word' id='word_1_19' title='bbox 957 523 1167 598; x_wconf 86' lang='lat' dir='ltr'>quamegre·</span> <span class='ocrx_word' id='word_1_20' title='bbox 1209 539 1211 545; x_wconf 95' lang='lat'><em>·</em></span> 
     </span>
    </p>

    <p class='ocr_par' dir='ltr' id='par_1_2' title="bbox 63 592 966 700">
     <span class='ocr_line' id='line_1_4' title="bbox 63 592 966 700; baseline 0.002 -31"><span class='ocrx_word' id='word_1_21' title='bbox 63 610 66 625; x_wconf 83' lang='grc'><strong><em>·</em></strong></span> <span class='ocrx_word' id='word_1_22' title='bbox 178 602 236 700; x_wconf 86' lang='lat' dir='ltr'>gie</span> <span class='ocrx_word' id='word_1_23' title='bbox 248 595 470 686; x_wconf 74' lang='lat' dir='ltr'>decertaverit,</span> <span class='ocrx_word' id='word_1_24' title='bbox 494 616 584 670; x_wconf 81' lang='lat' dir='ltr'>uuna</span> <span class='ocrx_word' id='word_1_25' title='bbox 598 592 813 670; x_wconf 80' lang='lat' dir='ltr'>marmndum</span> <span class='ocrx_word' id='word_1_26' title='bbox 829 592 966 671; x_wconf 86' lang='lat' dir='ltr'>videtur.</span> 
     </span>
    </p>
   </div>
   <div class='ocr_carea' id='block_1_2' title="bbox 21 792 1229 4001">
    <p class='ocr_par' dir='ltr' id='par_1_3' title="bbox 21 792 1223 1796">
     <span class='ocr_line' id='line_1_5' title="bbox 164 792 1164 904; baseline -0.002 -26"><span class='ocrx_word' id='word_1_27' title='bbox 164 834 167 853; x_wconf 75' lang='lat'>¹</span> <span class='ocrx_word' id='word_1_28' title='bbox 279 808 388 904; x_wconf 81' lang='lat' dir='ltr'>Atque</span> <span class='ocrx_word' id='word_1_29' title='bbox 401 805 457 876; x_wconf 89' lang='lat' dir='ltr'>bic</span> <span class='ocrx_word' id='word_1_30' title='bbox 471 799 607 904; x_wconf 82' lang='lat' dir='ltr'>eimpu&#39;s</span> <span class='ocrx_word' id='word_1_31' title='bbox 623 792 695 877; x_wconf 86' lang='lat' dir='ltr'>non</span> <span class='ocrx_word' id='word_1_32' title='bbox 708 799 1013 878; x_wconf 82' lang='lat' dir='ltr'>inFrancol&#39;urtensi</span> <span class='ocrx_word' id='word_1_33' title='bbox 1026 802 1164 904; x_wconf 84' lang='lat' dir='ltr'>quidem</span> 
     </span>
     <span class='ocr_line' id='line_1_6' title="bbox 94 899 1223 1005; baseline -0.004 -23"><span class='ocrx_word' id='word_1_34' title='bbox 94 982 101 1005; x_wconf 43' lang='grc' dir='ltr'><em>Ι</em></span> <span class='ocrx_word' id='word_1_35' title='bbox 180 925 357 990; x_wconf 85' lang='lat' dir='ltr'>conventu,</span> <span class='ocrx_word' id='word_1_36' title='bbox 383 905 435 976; x_wconf 91' lang='lat' dir='ltr'>cui</span> <span class='ocrx_word' id='word_1_37' title='bbox 452 906 663 978; x_wconf 85' lang='lat' dir='ltr'>ineuntehoc</span> <span class='ocrx_word' id='word_1_38' title='bbox 682 929 771 976; x_wconf 87' lang='lat' dir='ltr'>anuo</span> <span class='ocrx_word' id='word_1_39' title='bbox 792 899 850 998; x_wconf 84' lang='lat' dir='ltr'>(cf.</span> <span class='ocrx_word' id='word_1_40' title='bbox 873 902 1069 987; x_wconf 77' lang='lat' dir='ltr'>Secltend.‚l.</span> <span class='ocrx_word' id='word_1_41' title='bbox 1083 933 1111 978; x_wconf 93' lang='lat' dir='ltr'>c.</span> <span class='ocrx_word' id='word_1_42' title='bbox 1126 909 1164 978; x_wconf 87' lang='lat' dir='ltr'>L.</span> <span class='ocrx_word' id='word_1_43' title='bbox 1221 951 1223 954; x_wconf 93' lang='lat'><em>-</em></span> 
     </span>
     <span class='ocr_line' id='line_1_7' title="bbox 180 998 1163 1104; baseline 0 -25"><span class='ocrx_word' id='word_1_44' title='bbox 180 1006 239 1081; x_wconf 78' lang='lat'>111.</span> <span class='ocrx_word' id='word_1_45' title='bbox 256 1010 279 1103; x_wconf 58' lang='grc' dir='ltr'><em>ᾗ</em></span> <span class='ocrx_word' id='word_1_46' title='bbox 294 1006 411 1078; x_wconf 86' lang='lat' dir='ltr'><strong>LXIX.</strong></span> <span class='ocrx_word' id='word_1_47' title='bbox 435 999 573 1078; x_wconf 76' lang='lat' dir='ltr'>Addita</span> <span class='ocrx_word' id='word_1_48' title='bbox 590 1022 622 1077; x_wconf 90' lang='lat' dir='ltr'>et</span> <span class='ocrx_word' id='word_1_49' title='bbox 637 1009 660 1076; x_wconf 81' lang='grc'>3</span> <span class='ocrx_word' id='word_1_50' title='bbox 673 1030 706 1103; x_wconf 93' lang='lat' dir='ltr'>p.</span> <span class='ocrx_word' id='word_1_51' title='bbox 722 1000 871 1104; x_wconf 65' lang='lat' dir='ltr'>aut&#39;sq.)</span> <span class='ocrx_word' id='word_1_52' title='bbox 886 998 1086 1092; x_wconf 81' lang='lat' dir='ltr'>interfuerat,</span> <span class='ocrx_word' id='word_1_53' title='bbox 1106 1002 1163 1079; x_wconf 90' lang='lat' dir='ltr'>sed</span> 
     </span>
     <span class='ocr_line' id='line_1_8' title="bbox 180 1099 1165 1204; baseline 0 -26"><span class='ocrx_word' id='word_1_54' title='bbox 180 1112 216 1179; x_wconf 92' lang='lat' dir='ltr'>in</span> <span class='ocrx_word' id='word_1_55' title='bbox 230 1107 443 1179; x_wconf 84' lang='lat' dir='ltr'>iisSaxoniae</span> <span class='ocrx_word' id='word_1_56' title='bbox 458 1109 487 1176; x_wconf 89' lang='lat' dir='ltr'>ei</span> <span class='ocrx_word' id='word_1_57' title='bbox 506 1108 606 1203; x_wconf 88' lang='lat' dir='ltr'>patuit</span> <span class='ocrx_word' id='word_1_58' title='bbox 619 1103 825 1203; x_wconf 76' lang='lat' dir='ltr'>regionibus,</span> <span class='ocrx_word' id='word_1_59' title='bbox 845 1104 963 1204; x_wconf 87' lang='lat' dir='ltr'>quibus</span> <span class='ocrx_word' id='word_1_60' title='bbox 976 1099 1165 1179; x_wconf 88' lang='lat' dir='ltr'>adbucnul·</span> 
     </span>
     <span class='ocr_line' id='line_1_9' title="bbox 180 1201 1164 1303; baseline -0.002 -23"><span class='ocrx_word' id='word_1_61' title='bbox 180 1207 231 1281; x_wconf 94' lang='lat' dir='ltr'>lus</span> <span class='ocrx_word' id='word_1_62' title='bbox 252 1225 440 1303; x_wconf 82' lang='lat' dir='ltr'>apparuerat</span> <span class='ocrx_word' id='word_1_63' title='bbox 461 1201 592 1292; x_wconf 86' lang='lat' dir='ltr'>vindex,</span> <span class='ocrx_word' id='word_1_64' title='bbox 614 1210 701 1297; x_wconf 82' lang='lat' dir='ltr'>cujus</span> <span class='ocrx_word' id='word_1_65' title='bbox 723 1203 824 1302; x_wconf 86' lang='lat' dir='ltr'>opera</span> <span class='ocrx_word' id='word_1_66' title='bbox 845 1209 880 1277; x_wconf 90' lang='lat' dir='ltr'>in</span> <span class='ocrx_word' id='word_1_67' title='bbox 901 1201 1124 1302; x_wconf 80' lang='lat' dir='ltr'>evangelicam</span> <span class='ocrx_word' id='word_1_68' title='bbox 1145 1234 1164 1278; x_wconf 91' lang='lat' dir='ltr'>a</span> 
     </span>
     <span class='ocr_line' id='line_1_10' title="bbox 123 1300 1165 1405; baseline 0.007 -34"><span class='ocrx_word' id='word_1_69' title='bbox 123 1360 126 1371; x_wconf 90' lang='lat'><strong>.</strong></span> <span class='ocrx_word' id='word_1_70' title='bbox 180 1303 350 1405; x_wconf 84' lang='lat' dir='ltr'>pontificia</span> <span class='ocrx_word' id='word_1_71' title='bbox 369 1300 543 1396; x_wconf 79' lang='lat' dir='ltr'>tyrannide</span> <span class='ocrx_word' id='word_1_72' title='bbox 562 1308 800 1400; x_wconf 78' lang='lat' dir='ltr'>restituerentur</span> <span class='ocrx_word' id='word_1_73' title='bbox 819 1303 1013 1377; x_wconf 86' lang='lat' dir='ltr'>libertatem.</span> <span class='ocrx_word' id='word_1_74' title='bbox 1063 1310 1165 1379; x_wconf 82' lang='lat' dir='ltr'>Anno</span> 
     </span>
     <span class='ocr_line' id='line_1_11' title="bbox 182 1399 1165 1506; baseline -0.001 -28"><span class='ocrx_word' id='word_1_75' title='bbox 182 1411 272 1481; x_wconf 87' lang='lat' dir='ltr'>enim</span> <span class='ocrx_word' id='word_1_76' title='bbox 285 1405 499 1475; x_wconf 84' lang='lat' dir='ltr'>MDXXXlX</span> <span class='ocrx_word' id='word_1_77' title='bbox 513 1399 567 1474; x_wconf 89' lang='lat' dir='ltr'>die</span> <span class='ocrx_word' id='word_1_78' title='bbox 580 1406 679 1477; x_wconf 79' lang='lat' dir='ltr'>xutt</span> <span class='ocrx_word' id='word_1_79' title='bbox 699 1402 822 1503; x_wconf 82' lang='lat' dir='ltr'>Aprilis</span> <span class='ocrx_word' id='word_1_80' title='bbox 845 1402 966 1477; x_wconf 87' lang='lat' dir='ltr'>morbo</span> <span class='ocrx_word' id='word_1_81' title='bbox 987 1402 1086 1478; x_wconf 88' lang='lat' dir='ltr'>iliaco</span> <span class='ocrx_word' id='word_1_82' title='bbox 1105 1421 1165 1506; x_wconf 71' lang='lat' dir='ltr'>op·¹</span> 
     </span>
     <span class='ocr_line' id='line_1_12' title="bbox 88 1498 1165 1605; baseline 0 -28"><span class='ocrx_word' id='word_1_83' title='bbox 88 1530 90 1536; x_wconf 90' lang='lat'>·</span> <span class='ocrx_word' id='word_1_84' title='bbox 150 1528 153 1532; x_wconf 81' lang='grc'><strong><em>’</em></strong></span> <span class='ocrx_word' id='word_1_85' title='bbox 181 1502 310 1605; x_wconf 84' lang='lat' dir='ltr'>pressus</span> <span class='ocrx_word' id='word_1_86' title='bbox 327 1500 477 1576; x_wconf 87' lang='lat' dir='ltr'>Dresdae</span> <span class='ocrx_word' id='word_1_87' title='bbox 491 1507 555 1576; x_wconf 88' lang='lat' dir='ltr'>vita</span> <span class='ocrx_word' id='word_1_88' title='bbox 574 1498 757 1577; x_wconf 84' lang='lat' dir='ltr'>excesserat</span> <span class='ocrx_word' id='word_1_89' title='bbox 777 1507 856 1577; x_wconf 85' lang='lat' dir='ltr'>Dux</span> <span class='ocrx_word' id='word_1_90' title='bbox 875 1506 1039 1577; x_wconf 86' lang='lat' dir='ltr'>Saxoniae</span> <span class='ocrx_word' id='word_1_91' title='bbox 1060 1507 1165 1578; x_wconf 85' lang='lat' dir='ltr'>Geor·</span> 
     </span>
     <span class='ocr_line' id='line_1_13' title="bbox 21 1599 1164 1704; baseline -0.001 -27"><span class='ocrx_word' id='word_1_92' title='bbox 21 1670 23 1677; x_wconf 87' lang='grc'><em>,</em></span> <span class='ocrx_word' id='word_1_93' title='bbox 136 1666 138 1670; x_wconf 65' lang='grc'><strong>,</strong></span> <span class='ocrx_word' id='word_1_94' title='bbox 208 1610 272 1692; x_wconf 88' lang='lat' dir='ltr'>ins,</span> <span class='ocrx_word' id='word_1_95' title='bbox 291 1607 450 1704; x_wconf 84' lang='lat' dir='ltr'>princeps,</span> <span class='ocrx_word' id='word_1_96' title='bbox 476 1607 570 1675; x_wconf 85' lang='lat' dir='ltr'>sicuti</span> <span class='ocrx_word' id='word_1_97' title='bbox 587 1599 835 1699; x_wconf 76' lang='lat' dir='ltr'>Sepltendorlius</span> <span class='ocrx_word' id='word_1_98' title='bbox 848 1602 870 1676; x_wconf 93' lang='lat' dir='ltr'>l.</span> <span class='ocrx_word' id='word_1_99' title='bbox 883 1631 911 1676; x_wconf 90' lang='lat' dir='ltr'>c.</span> <span class='ocrx_word' id='word_1_100' title='bbox 925 1628 956 1702; x_wconf 91' lang='lat' dir='ltr'>p.</span> <span class='ocrx_word' id='word_1_101' title='bbox 970 1607 1042 1687; x_wconf 81' lang='lat'>212</span> <span class='ocrx_word' id='word_1_102' title='bbox 1056 1610 1164 1676; x_wconf 87' lang='lat' dir='ltr'>rectis-</span> 
     </span>
     <span class='ocr_line' id='line_1_14' title="bbox 46 1632 1193 1796; baseline 0 -20"><span class='ocrx_word' id='word_1_103' title='bbox 46 1702 58 1731; x_wconf 72' lang='grc'>““</span> <span class='ocrx_word' id='word_1_104' title='bbox 143 1760 148 1776; x_wconf 71' lang='grc'><em>,</em></span> <span class='ocrx_word' id='word_1_105' title='bbox 182 1632 402 1791; x_wconf 65' lang='lat' dir='ltr'>lunanum,</span> <span class='ocrx_word' id='word_1_106' title='bbox 427 1701 537 1778; x_wconf 88' lang='lat' dir='ltr'>multis</span> <span class='ocrx_word' id='word_1_107' title='bbox 551 1726 660 1776; x_wconf 85' lang='lat' dir='ltr'>revera</span> <span class='ocrx_word' id='word_1_108' title='bbox 681 1705 846 1776; x_wconf 86' lang='lat' dir='ltr'>virtutibus</span> <span class='ocrx_word' id='word_1_109' title='bbox 866 1702 1022 1796; x_wconf 87' lang='lat' dir='ltr'>inclytus,</span> <span class='ocrx_word' id='word_1_110' title='bbox 1040 1702 1101 1776; x_wconf 85' lang='lat' dir='ltr'>sed</span> <span class='ocrx_word' id='word_1_111' title='bbox 1120 1707 1165 1776; x_wconf 87' lang='lat' dir='ltr'>ob</span> <span class='ocrx_word' id='word_1_112' title='bbox 1189 1752 1193 1760; x_wconf 91' lang='lat'>-</span> 
     </span>
    </p>

    <p class='ocr_par' dir='ltr' id='par_1_4' title="bbox 50 1798 1166 2400">
     <span class='ocr_line' id='line_1_15' title="bbox 50 1798 1166 1904; baseline -0.002 -26"><span class='ocrx_word' id='word_1_113' title='bbox 50 1818 52 1825; x_wconf 82' lang='grc'><strong>“</strong></span> <span class='ocrx_word' id='word_1_114' title='bbox 114 1884 117 1899; x_wconf 53' lang='grc'>,</span> <span class='ocrx_word' id='word_1_115' title='bbox 181 1824 334 1903; x_wconf 84' lang='lat' dir='ltr'>spretam,</span> <span class='ocrx_word' id='word_1_116' title='bbox 360 1830 442 1904; x_wconf 87' lang='lat' dir='ltr'>quae</span> <span class='ocrx_word' id='word_1_117' title='bbox 461 1801 510 1875; x_wconf 93' lang='lat' dir='ltr'>illi</span> <span class='ocrx_word' id='word_1_118' title='bbox 530 1798 702 1890; x_wconf 88' lang='lat' dir='ltr'>affulserat,</span> <span class='ocrx_word' id='word_1_119' title='bbox 722 1803 893 1904; x_wconf 68' lang='lat' dir='ltr'>”evangelii</span> <span class='ocrx_word' id='word_1_120' title='bbox 912 1802 1032 1890; x_wconf 86' lang='lat' dir='ltr'>lucem,</span> <span class='ocrx_word' id='word_1_121' title='bbox 1057 1800 1166 1876; x_wconf 88' lang='lat' dir='ltr'>infeli·</span> 
     </span>
     <span class='ocr_line' id='line_1_16' title="bbox 181 1899 1165 2003; baseline 0.001 -27"><span class='ocrx_word' id='word_1_122' title='bbox 181 1901 363 1978; x_wconf 80' lang='lat' dir='ltr'>cislimus.¹</span> <span class='ocrx_word' id='word_1_123' title='bbox 397 1907 461 1976; x_wconf 89' lang='lat' dir='ltr'>Cui</span> <span class='ocrx_word' id='word_1_124' title='bbox 483 1929 584 2003; x_wconf 88' lang='lat' dir='ltr'>quum</span> <span class='ocrx_word' id='word_1_125' title='bbox 598 1901 697 1976; x_wconf 84' lang='lat' dir='ltr'>frater</span> <span class='ocrx_word' id='word_1_126' title='bbox 714 1923 791 1975; x_wconf 88' lang='lat' dir='ltr'>natu</span> <span class='ocrx_word' id='word_1_127' title='bbox 805 1908 928 1990; x_wconf 87' lang='lat' dir='ltr'>minor,</span> <span class='ocrx_word' id='word_1_128' title='bbox 944 1899 1102 2002; x_wconf 84' lang='lat' dir='ltr'>idemque</span> <span class='ocrx_word' id='word_1_129' title='bbox 1117 1910 1165 1977; x_wconf 91' lang='lat' dir='ltr'>in·</span> 
     </span>
     <span class='ocr_line' id='line_1_17' title="bbox 172 1999 1164 2101; baseline 0.003 -29"><span class='ocrx_word' id='word_1_130' title='bbox 172 2003 226 2075; x_wconf 70' lang='lat' dir='ltr'>,de</span> <span class='ocrx_word' id='word_1_131' title='bbox 241 2004 280 2073; x_wconf 89' lang='lat' dir='ltr'>ab</span> <span class='ocrx_word' id='word_1_132' title='bbox 295 2027 383 2074; x_wconf 89' lang='lat' dir='ltr'>anno</span> <span class='ocrx_word' id='word_1_133' title='bbox 397 2009 463 2096; x_wconf 83' lang='lat' dir='ltr'>jam</span> <span class='ocrx_word' id='word_1_134' title='bbox 477 2003 655 2074; x_wconf 89' lang='lat' dir='ltr'><strong>MDXXV.</strong></span> <span class='ocrx_word' id='word_1_135' title='bbox 670 1999 835 2076; x_wconf 84' lang='lat' dir='ltr'>formulae</span> <span class='ocrx_word' id='word_1_136' title='bbox 853 2001 1061 2101; x_wconf 86' lang='lat' dir='ltr'>evangelicae</span> <span class='ocrx_word' id='word_1_137' title='bbox 1074 2000 1164 2083; x_wconf 83' lang='lat' dir='ltr'>addi-</span> 
     </span>
     <span class='ocr_line' id='line_1_18' title="bbox 185 2097 1164 2202; baseline 0.002 -27"><span class='ocrx_word' id='word_1_138' title='bbox 185 2104 271 2189; x_wconf 89' lang='lat' dir='ltr'>crus,</span> <span class='ocrx_word' id='word_1_139' title='bbox 296 2105 475 2191; x_wconf 88' lang='lat' dir='ltr'>Henricus,</span> <span class='ocrx_word' id='word_1_140' title='bbox 500 2097 714 2188; x_wconf 84' lang='lat' dir='ltr'>successisset,</span> <span class='ocrx_word' id='word_1_141' title='bbox 733 2106 768 2174; x_wconf 91' lang='lat' dir='ltr'>in</span> <span class='ocrx_word' id='word_1_142' title='bbox 788 2107 982 2202; x_wconf 82' lang='lat' dir='ltr'>provinciis,</span> <span class='ocrx_word' id='word_1_143' title='bbox 1004 2128 1088 2202; x_wconf 86' lang='lat' dir='ltr'>quae</span> <span class='ocrx_word' id='word_1_144' title='bbox 1109 2103 1164 2177; x_wconf 86' lang='lat' dir='ltr'>de·</span> 
     </span>
     <span class='ocr_line' id='line_1_19' title="bbox 113 2197 1165 2300; baseline 0.001 -25"><span class='ocrx_word' id='word_1_145' title='bbox 113 2219 115 2224; x_wconf 79' lang='grc'>’</span> <span class='ocrx_word' id='word_1_146' title='bbox 184 2199 294 2291; x_wconf 81' lang='lat' dir='ltr'>functi</span> <span class='ocrx_word' id='word_1_147' title='bbox 308 2203 464 2296; x_wconf 83' lang='lat' dir='ltr'>subjectae</span> <span class='ocrx_word' id='word_1_148' title='bbox 483 2197 611 2274; x_wconf 85' lang='lat' dir='ltr'>fuerant</span> <span class='ocrx_word' id='word_1_149' title='bbox 632 2207 792 2300; x_wconf 75' lang='lat' dir='ltr'>potestati,</span> <span class='ocrx_word' id='word_1_150' title='bbox 818 2207 852 2275; x_wconf 92' lang='lat' dir='ltr'>in</span> <span class='ocrx_word' id='word_1_151' title='bbox 868 2204 992 2275; x_wconf 88' lang='lat' dir='ltr'>Misnia</span> <span class='ocrx_word' id='word_1_152' title='bbox 1012 2203 1165 2276; x_wconf 84' lang='lat' dir='ltr'>videlicet</span> 
     </span>
     <span class='ocr_line' id='line_1_20' title="bbox 184 2298 1165 2400; baseline 0.002 -26"><span class='ocrx_word' id='word_1_153' title='bbox 184 2320 280 2400; x_wconf 88' lang='lat' dir='ltr'>atque</span> <span class='ocrx_word' id='word_1_154' title='bbox 294 2305 328 2372; x_wconf 90' lang='lat' dir='ltr'>iu</span> <span class='ocrx_word' id='word_1_155' title='bbox 343 2301 697 2399; x_wconf 80' lang='lat' dir='ltr'>Thuringia,&#39;tnaxima</span> <span class='ocrx_word' id='word_1_156' title='bbox 712 2322 876 2399; x_wconf 82' lang='lat' dir='ltr'>sacrorum</span> <span class='ocrx_word' id='word_1_157' title='bbox 895 2298 980 2375; x_wconf 89' lang='lat' dir='ltr'>facta</span> <span class='ocrx_word' id='word_1_158' title='bbox 994 2324 1047 2376; x_wconf 88' lang='lat' dir='ltr'>est</span> <span class='ocrx_word' id='word_1_159' title='bbox 1060 2325 1165 2385; x_wconf 83' lang='lat' dir='ltr'>muta-</span> 
     </span>
    </p>

    <p class='ocr_par' dir='ltr' id='par_1_5' title="bbox 160 2399 1201 2501">
     <span class='ocr_line' id='line_1_21' title="bbox 160 2399 1201 2501; baseline 0.002 -28"><span class='ocrx_word' id='word_1_160' title='bbox 160 2405 243 2491; x_wconf 52' lang='lat'>310.</span> <span class='ocrx_word' id='word_1_161' title='bbox 282 2404 361 2473; x_wconf 87' lang='lat' dir='ltr'>Non</span> <span class='ocrx_word' id='word_1_162' title='bbox 373 2421 583 2501; x_wconf 77' lang='lat' dir='ltr'>pepercerant</span> <span class='ocrx_word' id='word_1_163' title='bbox 596 2399 729 2500; x_wconf 89' lang='lat' dir='ltr'>quidem</span> <span class='ocrx_word' id='word_1_164' title='bbox 746 2402 905 2500; x_wconf 79' lang='lat' dir='ltr'>pontificii</span> <span class='ocrx_word' id='word_1_165' title='bbox 919 2408 1017 2477; x_wconf 89' lang='lat' dir='ltr'>minis</span> <span class='ocrx_word' id='word_1_166' title='bbox 1030 2425 1062 2477; x_wconf 89' lang='lat' dir='ltr'>et</span> <span class='ocrx_word' id='word_1_167' title='bbox 1077 2405 1165 2475; x_wconf 84' lang='lat' dir='ltr'>blan-</span> <span class='ocrx_word' id='word_1_168' title='bbox 1193 2413 1201 2427; x_wconf 62' lang='lat'>‘</span> 
     </span>
    </p>

    <p class='ocr_par' dir='ltr' id='par_1_6' title="bbox 169 2496 1204 2791">
     <span class='ocr_line' id='line_1_22' title="bbox 187 2496 1204 2604; baseline 0.004 -34"><span class='ocrx_word' id='word_1_169' title='bbox 187 2496 359 2587; x_wconf 84' lang='lat' dir='ltr'>dimentis‚</span> <span class='ocrx_word' id='word_1_170' title='bbox 389 2501 504 2600; x_wconf 88' lang='lat' dir='ltr'>quibus</span> <span class='ocrx_word' id='word_1_171' title='bbox 525 2505 603 2573; x_wconf 91' lang='lat' dir='ltr'>novi</span> <span class='ocrx_word' id='word_1_172' title='bbox 628 2504 780 2600; x_wconf 78' lang='lat' dir='ltr'>principis</span> <span class='ocrx_word' id='word_1_173' title='bbox 797 2503 943 2602; x_wconf 83' lang='lat' dir='ltr'>partibus</span> <span class='ocrx_word' id='word_1_174' title='bbox 963 2508 1027 2576; x_wconf 84' lang='lat' dir='ltr'>suis</span> <span class='ocrx_word' id='word_1_175' title='bbox 1047 2505 1164 2604; x_wconf 88' lang='lat' dir='ltr'>procli·</span> <span class='ocrx_word' id='word_1_176' title='bbox 1198 2501 1204 2563; x_wconf 71' lang='grc' dir='ltr'>ἶ</span> 
     </span>
     <span class='ocr_line' id='line_1_23' title="bbox 185 2596 1165 2676; baseline 0.004 -4"><span class='ocrx_word' id='word_1_177' title='bbox 185 2627 260 2676; x_wconf 89' lang='lat' dir='ltr'>vem</span> <span class='ocrx_word' id='word_1_178' title='bbox 273 2597 410 2674; x_wconf 76' lang='lat' dir='ltr'>redder&#39;e</span> <span class='ocrx_word' id='word_1_179' title='bbox 424 2599 612 2673; x_wconf 88' lang='lat' dir='ltr'>studuerunt</span> <span class='ocrx_word' id='word_1_180' title='bbox 628 2607 785 2674; x_wconf 86' lang='lat' dir='ltr'>animum.</span> <span class='ocrx_word' id='word_1_181' title='bbox 834 2600 897 2675; x_wconf 88' lang='lat' dir='ltr'>Sed</span> <span class='ocrx_word' id='word_1_182' title='bbox 916 2596 1050 2676; x_wconf 81' lang='lat' dir='ltr'>Elector</span> <span class='ocrx_word' id='word_1_183' title='bbox 1063 2609 1165 2676; x_wconf 86' lang='lat' dir='ltr'>Saxo·</span> 
     </span>
     <span class='ocr_line' id='line_1_24' title="bbox 169 2699 1167 2791; baseline 0.003 -18"><span class='ocrx_word' id='word_1_184' title='bbox 169 2706 269 2791; x_wconf 54' lang='lat' dir='ltr'>¹niue,</span> <span class='ocrx_word' id='word_1_185' title='bbox 293 2706 456 2790; x_wconf 74' lang='lat' dir='ltr'>johannes</span> <span class='ocrx_word' id='word_1_186' title='bbox 472 2699 660 2787; x_wconf 79' lang='lat' dir='ltr'>Frirlericus,</span> <span class='ocrx_word' id='word_1_187' title='bbox 687 2727 705 2773; x_wconf 92' lang='lat' dir='ltr'>e</span> <span class='ocrx_word' id='word_1_188' title='bbox 721 2725 884 2775; x_wconf 82' lang='lat' dir='ltr'>corruenru</span> <span class='ocrx_word' id='word_1_189' title='bbox 903 2701 1167 2777; x_wconf 84' lang='lat' dir='ltr'>Frartcofurrensi</span> 
     </span>
    </p>

    <p class='ocr_par' dir='ltr' id='par_1_7' title="bbox 44 2793 1206 3899">
     <span class='ocr_line' id='line_1_25' title="bbox 56 2793 1206 2902; baseline 0.005 -32"><span class='ocrx_word' id='word_1_190' title='bbox 56 2793 59 2801; x_wconf 64' lang='grc'>’</span> <span class='ocrx_word' id='word_1_191' title='bbox 184 2796 325 2887; x_wconf 80' lang='lat' dir='ltr'>rediens,</span> <span class='ocrx_word' id='word_1_192' title='bbox 337 2829 452 2899; x_wconf 89' lang='lat' dir='ltr'>·quum</span> <span class='ocrx_word' id='word_1_193' title='bbox 469 2809 502 2872; x_wconf 92' lang='lat' dir='ltr'>in</span> <span class='ocrx_word' id='word_1_194' title='bbox 521 2807 636 2873; x_wconf 87' lang='lat' dir='ltr'>itinere</span> <span class='ocrx_word' id='word_1_195' title='bbox 651 2798 693 2872; x_wconf 86' lang='lat' dir='ltr'>de</span> <span class='ocrx_word' id='word_1_196' title='bbox 708 2823 815 2874; x_wconf 88' lang='lat' dir='ltr'>morte</span> <span class='ocrx_word' id='word_1_197' title='bbox 832 2804 969 2902; x_wconf 84' lang='lat' dir='ltr'>Georgii</span> <span class='ocrx_word' id='word_1_198' title='bbox 984 2809 1103 2877; x_wconf 86' lang='lat' dir='ltr'>certior</span> <span class='ocrx_word' id='word_1_199' title='bbox 1118 2831 1165 2876; x_wconf 89' lang='lat' dir='ltr'>es·</span> <span class='ocrx_word' id='word_1_200' title='bbox 1200 2857 1206 2890; x_wconf 87' lang='lat'>,</span> 
     </span>
     <span class='ocr_line' id='line_1_26' title="bbox 44 2895 1165 3000; baseline 0.004 -30"><span class='ocrx_word' id='word_1_201' title='bbox 44 2907 45 2912; x_wconf 75' lang='grc'>’</span> <span class='ocrx_word' id='word_1_202' title='bbox 103 2975 105 2979; x_wconf 60' lang='grc'>,</span> <span class='ocrx_word' id='word_1_203' title='bbox 186 2895 233 2971; x_wconf 88' lang='lat' dir='ltr'>set</span> <span class='ocrx_word' id='word_1_204' title='bbox 245 2896 359 2994; x_wconf 62' lang='lat' dir='ltr'>factus,</span> <span class='ocrx_word' id='word_1_205' title='bbox 377 2928 395 2971; x_wconf 89' lang='lat' dir='ltr'>e</span> <span class='ocrx_word' id='word_1_206' title='bbox 411 2905 549 2998; x_wconf 86' lang='lat' dir='ltr'>vestigio</span> <span class='ocrx_word' id='word_1_207' title='bbox 566 2898 706 2972; x_wconf 89' lang='lat' dir='ltr'>domum</span> <span class='ocrx_word' id='word_1_208' title='bbox 723 2907 918 3000; x_wconf 87' lang='lat' dir='ltr'>properavit,</span> <span class='ocrx_word' id='word_1_209' title='bbox 932 2931 993 2975; x_wconf 90' lang='lat' dir='ltr'>nee</span> <span class='ocrx_word' id='word_1_210' title='bbox 1014 2909 1095 2975; x_wconf 88' lang='lat' dir='ltr'>cavit</span> <span class='ocrx_word' id='word_1_211' title='bbox 1112 2931 1165 2974; x_wconf 88' lang='lat' dir='ltr'>so-</span> 
     </span>
     <span class='ocr_line' id='line_1_27' title="bbox 185 2997 1166 3099; baseline 0 -24"><span class='ocrx_word' id='word_1_212' title='bbox 185 2997 268 3084; x_wconf 86' lang='lat' dir='ltr'>lum,</span> <span class='ocrx_word' id='word_1_213' title='bbox 288 3002 475 3073; x_wconf 87' lang='lat' dir='ltr'>neHenrici</span> <span class='ocrx_word' id='word_1_214' title='bbox 491 3003 660 3098; x_wconf 85' lang='lat' dir='ltr'>ingenium</span> <span class='ocrx_word' id='word_1_215' title='bbox 676 3006 848 3099; x_wconf 83' lang='lat' dir='ltr'>ansgotiis</span> <span class='ocrx_word' id='word_1_216' title='bbox 863 2999 1095 3093; x_wconf 81' lang='lat' dir='ltr'>difficilioribus</span> <span class='ocrx_word' id='word_1_217' title='bbox 1112 3005 1166 3075; x_wconf 88' lang='lat' dir='ltr'>ab·</span> 
     </span>
     <span class='ocr_line' id='line_1_28' title="bbox 184 3097 1166 3202; baseline 0.006 -32"><span class='ocrx_word' id='word_1_218' title='bbox 184 3101 322 3172; x_wconf 84' lang='lat' dir='ltr'>horrens</span> <span class='ocrx_word' id='word_1_219' title='bbox 339 3120 371 3172; x_wconf 90' lang='lat' dir='ltr'>et</span> <span class='ocrx_word' id='word_1_220' title='bbox 382 3105 473 3171; x_wconf 85' lang='lat' dir='ltr'>senio</span> <span class='ocrx_word' id='word_1_221' title='bbox 487 3097 686 3194; x_wconf 71' lang='lat' dir='ltr'>debilitatum</span> <span class='ocrx_word' id='word_1_222' title='bbox 697 3105 893 3199; x_wconf 81' lang='lat' dir='ltr'>importunis</span> <span class='ocrx_word' id='word_1_223' title='bbox 906 3103 1042 3176; x_wconf 89' lang='lat' dir='ltr'>illorum</span> <span class='ocrx_word' id='word_1_224' title='bbox 1056 3118 1166 3202; x_wconf 86' lang='lat' dir='ltr'>postu·¹</span> 
     </span>
     <span class='ocr_line' id='line_1_29' title="bbox 101 3194 1167 3303; baseline 0.008 -35"><span class='ocrx_word' id='word_1_225' title='bbox 101 3196 106 3207; x_wconf 75' lang='grc'><em>“</em></span> <span class='ocrx_word' id='word_1_226' title='bbox 183 3194 359 3271; x_wconf 72' lang='lat' dir='ltr'>sationibus</span> <span class='ocrx_word' id='word_1_227' title='bbox 374 3199 610 3298; x_wconf 83' lang='lat' dir='ltr'>percelleretur,</span> <span class='ocrx_word' id='word_1_228' title='bbox 623 3198 678 3272; x_wconf 88' lang='lat' dir='ltr'>sed</span> <span class='ocrx_word' id='word_1_229' title='bbox 692 3203 867 3274; x_wconf 89' lang='lat' dir='ltr'>etiamalio</span> <span class='ocrx_word' id='word_1_230' title='bbox 882 3226 1079 3303; x_wconf 87' lang='lat' dir='ltr'>quocunque</span> <span class='ocrx_word' id='word_1_231' title='bbox 1093 3230 1167 3276; x_wconf 92' lang='lat' dir='ltr'>mo·</span> 
     </span>
     <span class='ocr_line' id='line_1_30' title="bbox 185 3294 1167 3401; baseline 0.007 -32"><span class='ocrx_word' id='word_1_232' title='bbox 185 3294 232 3370; x_wconf 90' lang='lat' dir='ltr'>do</span> <span class='ocrx_word' id='word_1_233' title='bbox 259 3326 336 3371; x_wconf 89' lang='lat' dir='ltr'>eum</span> <span class='ocrx_word' id='word_1_234' title='bbox 369 3297 498 3392; x_wconf 87' lang='lat' dir='ltr'>adjuvit.</span> <span class='ocrx_word' id='word_1_235' title='bbox 555 3304 632 3401; x_wconf 80' lang='lat' dir='ltr'>Qo</span> <span class='ocrx_word' id='word_1_236' title='bbox 664 3297 800 3400; x_wconf 91' lang='lat' dir='ltr'>quidem</span> <span class='ocrx_word' id='word_1_237' title='bbox 823 3304 971 3393; x_wconf 75' lang='lat' dir='ltr'>auxilio,</span> <span class='ocrx_word' id='word_1_238' title='bbox 1003 3324 1167 3376; x_wconf 87' lang='lat' dir='ltr'>annuente</span> 
     </span>
     <span class='ocr_line' id='line_1_31' title="bbox 186 3395 1167 3499; baseline 0.003 -28"><span class='ocrx_word' id='word_1_239' title='bbox 186 3403 319 3472; x_wconf 83' lang='lat' dir='ltr'>summo</span> <span class='ocrx_word' id='word_1_240' title='bbox 341 3405 497 3488; x_wconf 86' lang='lat' dir='ltr'>numine,</span> <span class='ocrx_word' id='word_1_241' title='bbox 522 3404 686 3499; x_wconf 81' lang='lat' dir='ltr'>imprimis</span> <span class='ocrx_word' id='word_1_242' title='bbox 710 3395 833 3475; x_wconf 84' lang='lat' dir='ltr'>factum</span> <span class='ocrx_word' id='word_1_243' title='bbox 854 3422 920 3490; x_wconf 78' lang='lat' dir='ltr'>est,</span> <span class='ocrx_word' id='word_1_244' title='bbox 941 3422 976 3475; x_wconf 91' lang='lat' dir='ltr'>ut</span> <span class='ocrx_word' id='word_1_245' title='bbox 998 3400 1167 3497; x_wconf 79' lang='lat' dir='ltr'>doctrinae</span> 
     </span>
     <span class='ocr_line' id='line_1_32' title="bbox 156 3493 1167 3602; baseline 0.004 -32"><span class='ocrx_word' id='word_1_246' title='bbox 156 3509 159 3517; x_wconf 83' lang='grc'><em>“</em></span> <span class='ocrx_word' id='word_1_247' title='bbox 185 3498 375 3599; x_wconf 84' lang='lat' dir='ltr'>pontificiae</span> <span class='ocrx_word' id='word_1_248' title='bbox 389 3506 557 3574; x_wconf 87' lang='lat' dir='ltr'>auctoritas</span> <span class='ocrx_word' id='word_1_249' title='bbox 572 3506 606 3573; x_wconf 91' lang='lat' dir='ltr'>iu</span> <span class='ocrx_word' id='word_1_250' title='bbox 622 3504 740 3572; x_wconf 89' lang='lat' dir='ltr'>tetrisa</span> <span class='ocrx_word' id='word_1_251' title='bbox 755 3502 904 3602; x_wconf 90' lang='lat' dir='ltr'>Georgio</span> <span class='ocrx_word' id='word_1_252' title='bbox 922 3501 1041 3576; x_wconf 88' lang='lat' dir='ltr'>relictis</span> <span class='ocrx_word' id='word_1_253' title='bbox 1055 3493 1167 3579; x_wconf 84' lang='lat' dir='ltr'>abole-</span> 
     </span>
     <span class='ocr_line' id='line_1_33' title="bbox 187 3600 1168 3702; baseline 0.003 -30"><span class='ocrx_word' id='word_1_254' title='bbox 187 3619 295 3686; x_wconf 83' lang='lat' dir='ltr'>retur,</span> <span class='ocrx_word' id='word_1_255' title='bbox 324 3618 355 3670; x_wconf 91' lang='lat' dir='ltr'>et</span> <span class='ocrx_word' id='word_1_256' title='bbox 381 3602 544 3673; x_wconf 88' lang='lat' dir='ltr'>Henricus</span> <span class='ocrx_word' id='word_1_257' title='bbox 570 3605 723 3700; x_wconf 87' lang='lat' dir='ltr'>regimen</span> <span class='ocrx_word' id='word_1_258' title='bbox 749 3626 863 3691; x_wconf 85' lang='lat' dir='ltr'>suum,</span> <span class='ocrx_word' id='word_1_259' title='bbox 893 3628 965 3674; x_wconf 90' lang='lat' dir='ltr'>non</span> <span class='ocrx_word' id='word_1_260' title='bbox 992 3600 1168 3702; x_wconf 89' lang='lat' dir='ltr'>impeditus</span> 
     </span>
     <span class='ocr_line' id='line_1_34' title="bbox 109 3698 1167 3801; baseline 0.002 -28"><span class='ocrx_word' id='word_1_261' title='bbox 109 3764 113 3773; x_wconf 75' lang='grc'><strong>,</strong></span> <span class='ocrx_word' id='word_1_262' title='bbox 187 3725 206 3772; x_wconf 87' lang='lat' dir='ltr'>a</span> <span class='ocrx_word' id='word_1_263' title='bbox 231 3702 419 3798; x_wconf 86' lang='lat' dir='ltr'>provinciae</span> <span class='ocrx_word' id='word_1_264' title='bbox 443 3700 649 3797; x_wconf 84' lang='lat' dir='ltr'>proceribus,</span> <span class='ocrx_word' id='word_1_265' title='bbox 674 3705 837 3775; x_wconf 89' lang='lat' dir='ltr'>instituere</span> <span class='ocrx_word' id='word_1_266' title='bbox 859 3698 976 3801; x_wconf 77' lang='lat' dir='ltr'>posset.</span> <span class='ocrx_word' id='word_1_267' title='bbox 1026 3705 1093 3774; x_wconf 91' lang='lat' dir='ltr'>Sub</span> <span class='ocrx_word' id='word_1_268' title='bbox 1117 3707 1167 3775; x_wconf 93' lang='lat' dir='ltr'>his</span> 
     </span>
     <span class='ocr_line' id='line_1_35' title="bbox 81 3795 1166 3899; baseline 0.002 -29"><span class='ocrx_word' id='word_1_269' title='bbox 81 3824 83 3829; x_wconf 55' lang='lat'><strong>⁴</strong></span> <span class='ocrx_word' id='word_1_270' title='bbox 186 3805 286 3899; x_wconf 89' lang='lat' dir='ltr'>igitur</span> <span class='ocrx_word' id='word_1_271' title='bbox 300 3802 450 3898; x_wconf 87' lang='lat' dir='ltr'>auspiciis</span> <span class='ocrx_word' id='word_1_272' title='bbox 465 3803 499 3870; x_wconf 91' lang='lat' dir='ltr'>in</span> <span class='ocrx_word' id='word_1_273' title='bbox 519 3795 792 3895; x_wconf 84' lang='lat' dir='ltr'>ditionellenrici</span> <span class='ocrx_word' id='word_1_274' title='bbox 809 3820 879 3875; x_wconf 86' lang='lat' dir='ltr'>non</span> <span class='ocrx_word' id='word_1_275' title='bbox 900 3801 1008 3876; x_wconf 91' lang='lat' dir='ltr'>solum</span> <span class='ocrx_word' id='word_1_276' title='bbox 1025 3808 1166 3885; x_wconf 81' lang='lat' dir='ltr'>visitatio</span> 
     </span>
    </p>

    <p class='ocr_par' dir='ltr' id='par_1_8' title="bbox 139 3897 1229 4001">
     <span class='ocr_line' id='line_1_36' title="bbox 139 3897 1229 4001; baseline 0.006 -32"><span class='ocrx_word' id='word_1_277' title='bbox 139 3964 140 3969; x_wconf 75' lang='grc'>,</span> <span class='ocrx_word' id='word_1_278' title='bbox 187 3898 406 3988; x_wconf 84' lang='lat' dir='ltr'>ecclesiarum,</span> <span class='ocrx_word' id='word_1_279' title='bbox 432 3899 715 4001; x_wconf 82' lang='lat' dir='ltr'>quarn&#39;Georgiia</span> <span class='ocrx_word' id='word_1_280' title='bbox 737 3897 994 3981; x_wconf 86' lang='lat' dir='ltr'>reformatorum</span> <span class='ocrx_word' id='word_1_281' title='bbox 1010 3899 1168 3978; x_wconf 80' lang='lat' dir='ltr'>industria</span> <span class='ocrx_word' id='word_1_282' title='bbox 1222 3956 1229 3967; x_wconf 84' lang='lat'><strong>.</strong></span> 
     </span>
    </p>
   </div>
   <div class='ocr_carea' id='block_1_3' title="bbox 0 0 1251 4552">
    <p class='ocr_par' dir='ltr' id='par_1_9' title="bbox 0 0 1251 4552">
     <span class='ocr_line' id='line_1_37' title="bbox 0 0 1251 4552; baseline 0 0"><span class='ocrx_word' id='word_1_283' title='bbox 0 0 1251 4552; x_wconf 95' lang='lat' dir='ltr'> </span> 
     </span>
    </p>
   </div>
  </div>
 </body>
</html>
