2482 4560
139 269 226 346 ,lu
293 339 295 343 ,
358 308 365 327 =

176 406 223 480 lio
239 399 351 473 divino
368 393 445 468 fiad
458 421 591 495 preces,
615 392 656 468 ad
680 380 856 470 hominum
878 398 1030 497 exempla
1054 403 1086 472 et
1112 398 1154 472 ad

92 510 100 525 '
175 497 389 579 verbi-diuini
419 492 680 570 consolationem
711 503 767 595 pio
797 493 1002 598 confugisset
1027 505 1152 573 auimo.

59 680 63 700 Ι
173 610 244 704 Qa
258 596 390 700 quidem
405 594 446 668 de
455 623 546 668 causa
559 592 797 675 lanctislimum
813 596 875 668 illis
886 595 951 670 esse
967 601 1150 698 cupitPauli

51 768 60 778 .
99 722 103 733 ’
171 699 324 803 Apostoli
358 695 547 795 dictumad
577 688 755 796 Ephesios,
784 695 874 796 quod
905 703 985 797 Cap.
1014 705 1071 772 Vl.
1106 729 1149 775 ιο
1224 756 1236 768 .

170 803 239 905 sqq.
256 798 415 899 epistolae
432 794 543 874 adeos
560 793 678 869 missae
689 797 820 896 legitur,
843 797 970 896 aliaque
984 812 1149 899 praeterea

141 949 147 959 ·
169 908 287 980 excitat
302 896 469 996 scripturae
483 894 586 969 sacrae
602 896 686 983 loca,
697 898 810 996 quibus
823 905 995 970 accuratius
1010 927 1147 1000 perpen-

168 1011 209 1076 sis
224 996 338 1073 indies
361 1002 466 1097 magis
479 992 774 1101 magisque-forent
793 1002 967 1097 cognituri,
991 1004 1027 1069 iu
1046 1002 1147 1072 verbo

83 1164 104 1186 ,,
165 1101 279 1176 divino
296 1102 455 1196 optimam
468 1097 564 1195 'atque
578 1095 852 1194 pretiosisfimam,
876 1094 1079 1199 eandemque
1100 1106 1148 1172 in·
1191 1178 1195 1184 ,

167 1196 294 1275 delesse
310 1193 416 1278 studio
431 1193 615 1269 tentandam
629 1216 725 1293 atque
739 1194 990 1285 recludendam,
1007 1205 1146 1271 inveniri

165 1296 394 1376 aurifodiuam.
444 1298 536 1366 Haec
551 1301 633 1366 inter
646 1322 707 1387 nec
729 1301 856 1382 omisit,
882 1323 1020 1370 omnem
1043 1297 1145 1371 vindi-

65 1476 74 1485 ,
165 1394 249 1476 ctam
265 1398 304 1469 al>
317 1393 502 1493 adversariis
515 1391 690 1494 petendam
705 1392 897 1484 dissuadere,
922 1418 1093 1498 totumque
1107 1399 1145 1471 li-

91 1534 93 1545 ¹
163 1500 288 1598 bellurn
310 1501 343 1567 iu
362 1500 553 1567 universum
577 1499 621 1566 ita
644 1502 841 1592 composuit,
866 1516 900 1569 ut
917 1503 983 1590 >jam
1007 1527 1048 1569 ex
1076 1504 1143 1572 hoc

79 1632 83 1643 ¹
153 1607 272 1704 -prinro
289 1602 353 1690 ejus
368 1595 486 1694 scripto
508 1599 616 1666 omnis
638 1599 739 1666 animi
757 1602 851 1683 ratio,
878 1623 939 1696 qua
962 1594 995 1669 se
1014 1596 1141 1697 semper

161 1709 295 1776 virum
321 1722 419 1769 vere
444 1699 575 1795 pium,
600 1692 856 1782 modestum,
881 1695 1140 1796 prudentem,

164 1800 372 1876 sincerum
405 1818 524 1896 atque
556 1789 788 1883 fervorem,
819 1814 900 1896 quo'
927 1800 1141 1896 quaelibet

160 1903 328 2000 egregia
359 1897 576 1992 amplexus
608 1916 691 1978 est,
736 1898 908 1969 amabili
946 1900 1138 1972 bonitate

158 1994 462 2094 temperantem
489 1995 702 2083 exhibuit,
726 2001 884 2094 cognosci
898 1997 1006 2096 possit.
1058 2006 1139 2071 Cae-

62 2158 64 2162 s
157 2114 263 2175 terum
285 2093 374 2167 haud
392 2090 588 2183 difficileest
606 2091 1016 2194 dijudicatu‚·quantoper·e
1036 2105 1138 2171 animi

158 2210 292 2282 corum,
318 2199 374 2292 qui
396 2196 631 2264 Annaemontii
651 2193 691 2263 ab
706 2191 858 2266 ecclesiae
878 2189 1134 2271 reformatorum
1233 2196 1239 2202 ’

116 2330 119 2336 ·
154 2298 295 2399 partibus
316 2313 399 2364 stare
421 2297 626 2390 inceperant,
652 2295 714 2362 hac
732 2294 889 2385 Myconii
909 2292 1135 2369 consolatione

154 2398 217 2471 fint
232 2397 339 2468 erecti.
378 2395 426 2464 Ut
438 2417 516 2464 vero
530 2417 611 2490 quae
624 2390 724 2463 literis
738 2377 944 2465 mandaverat
961 2421 1072 2464 coram
1090 2423 1132 2467 eo
1235 2430 1238 2438 ·

155 2497 313 2573 efficacius
330 2497 402 2567 viva
420 2484 541 2586 iuuaret
565 2516 757 2577 voce,.n0n
779 2498 820 2562 ita
841 2491 946 2564 multo
966 2518 1040 2591 post
1063 2491 1130 2592 ipse

153 2593 394 2675 Buchholzium
412 2581 591 2692 profectus,
608 2593 652 2662 ibi
668 2587 722 2664 die
743 2597 784 2663 11.
806 2590 881 2679 Julii
904 2582 1129 2690 (Mux'xrv.)

152 2682 350 2776 concionem
369 2696 498 2779 habuit,
522 2696 558 2764 iu
607 2686 771 2791 uatotatn
794 2689 979 2790 scripturam
1003 2721 1130 2793 percur-
1215 2768 1218 2774 ,

117 2833 124 2849 ¹
151 2826 226 2874 rens
252 2793 467 2892 de'peccato,
489 2789 568 2883 fide,
583 2717 647 2890 ipe
673 2811 705 2865 et
729 2797 856 2871 caritate
880 2793 1129 2890 praeclarisfima

54 2951 57 2956 -
149 2886 288 3000 protulit
300 2893 404 2971 verba
457 2889 717 2979 Secltendurlius,
742 2898 796 2989 qui
812 2884 981 2965 haecloco
998 2900 1062 2986 jam
1081 2893 1129 2968 su·
1185 2927 1186 2930 ¹

149 3027 207 3099 pm
228 2999 369 3070 excitato
392 3018 435 3065 ex
448 2993 578 3064 Buschir
598 2990 699 3091 literis
716 2988 828 3079 refert,
853 2999 1029 3065 narrationi
1052 2991 1127 3068 suae

61 3135 66 3150 ·
118 3096 255 3181 addit:
1228 3169 1231 3176 .

198 3188 361 3288 „adfuisse
381 3189 463 3264 duos
483 3186 647 3264 senatores
667 3191 973 3289 Annaebergenses‚
1001 3215 1047 3285 ut,
1069 3204 1126 3297 qui
1223 3226 1231 3245 ·

72 3356 75 3360 .
197 3325 262 3390 „en
279 3291 485 3366 suiscivilsus
499 3286 656 3376 adessent,
670 3293 895 3382 observarent3
918 3288 1009 3395 supra
1029 3299 1123 3371 mille
1144 3375 1150 3391 ,

94 3401 96 3405 ’
194 3415 325 3490 „antem
347 3414 425 3466 tunc
449 3419 491 3465 ex
515 3390 580 3488 illis
609 3387 758 3464 adfuisse.
805 3395 878 3485 Jam
907 3397 1122 3478 Buchholziaa

139 3525 142 3529 ·
192 3494 278 3588 „uos
297 3494 455 3592 flagitare,
477 3512 512 3564 ut
530 3466 710 3565 Fridericus
728 3490 784 3564 ille
806 3492 987 3584 Myconius
1007 3487 1123 3596 pistor
1195 3547 1198 3551 ·
1224 3541 1227 3545 ·

81 3594 85 3619 ¹
192 3594 287 3688 „suus
301 3593 405 3680 lieret,
423 3595 610 3682 johannem
632 3619 712 3666 vero
732 3594 862 3666 Ducem
883 3620 960 3668 eum
974 3600 1121 3674 Gotham

67 3748 68 3752 =
191 3690 384 3789 „vocasse.“
910 3698 912 3702 ⁴

96 3832 100 3841 ⁴
143 3802 274 3898 §orbae
299 3798 396 3868 Festo
420 3789 648 3891 Adsumtionis
682 3794 810 3869 Mariae
830 3798 905 3868 hoe
929 3793 1000 3895 ipl'o
1028 3824 1143 3876 auno,

143 3897 383 3998 (mlxiv),
407 3913 442 3969 ut
461 3898 528 3992 jam
549 3891 642 3997 supra
663 3899 699 3970 iu
719 3915 965 3973 uota—aar·-
982 3903 1025 3973 ex'
1044 3907 1115 3996 ejus
