2474 4552
228 427 388 516 Myconii
411 425 553 516 origines
582 416 656 489 licet
678 424 784 517 gentis
804 419 978 518 splendore
1004 453 1147 519 careant,
1174 435 1215 506 ab

78 613 80 623 1
141 554 143 559 ·
231 525 404 609 omnibus,
427 526 481 618 qui
497 523 561 618 ejus
576 523 673 588 vitam
687 544 921 618 exposuerunt,
945 548 1115 622 parentum
1134 539 1214 630 pio,

228 637 377 719 honesto
388 642 482 719 atque
495 617 621 690 liberali
635 624 748 690 animo
767 619 844 693 ideo
860 622 1009 699 illustrari
1030 654 1213 724 censentur,

228 724 320 833 quod
344 731 481 822 ipsemet
503 724 537 790 in
552 719 688 816 epistola
703 717 742 790 ad
760 718 911 794 Eberutn'
922 727 1020 822 paulo
1036 753 1111 828 post
1125 742 1213 806 exci-

226 825 324 906 tanda
337 823 377 897 de
392 827 530 907 ratione,
556 846 652 925 quaa
665 840 758 917 patre
772 816 830 893 sno
852 822 893 894 ad
915 835 1212 930 veramevangeli.

225 957 299 1007 cam
311 921 414 997 fidem
429 924 708 1020 vitamque‘prima
719 918 824 992 indea
835 929 972 1020 pueritia
986 931 1142 1003 institutus
1158 932 1210 1024 lit,

224 1030 300 1105 talia
321 1021 472 1125 protulit,
499 1046 580 1118 qnae
603 1017 783 1117 quemlibet
803 1047 1157 1190 pbmeconceptarumo
1184 1040 1210 1105 i.

224 1137 366 1207 nionum
389 1125 531 1221 imperio
545 1119 640 1192 nullo
657 1118 767 1192 modo
786 1146 812 1191 ‘o
836 1126 977 1198 noxium
1000 1154 1135 1201 movere
1150 1061 1209 1205 de.

223 1220 499 1315 beant,vtAdami
515 1225 580 1294 hac
597 1216 638 1290 de
652 1245 765 1293 reuon
781 1246 784 1251 ’
808 1218 960 1295 osfitnon
972 1228 1124 1325 amplecti
1136 1229 1209 1305 sen.

121 1376 127 1389 ·
222 1335 371 1412 tentiam,
396 1350 459 1424 qua
472 1316 689 1406 contenditur,
703 1322 755 1418 (g)
774 1246 973 1395 li1issehaud
995 1323 1091 1399 dubie
1104 1333 1209 1404 hunc.

224 1459 262 1506 ce
282 1431 439 1520 Myconii
462 1443 607 1519 patrem,
628 1424 690 1512 (h.)
711 1445 810 1518 quem
836 1417 877 1492 de
892 1426 1135 1515 justificatione,
1149 1430 1223 1505 de·

223 1555 297 1604 vera
314 1545 343 1599 et
365 1551 435 1598 non
454 1521 616 1594 dubitante
637 1515 724 1606 fide,
755 1547 817 1620 qua
839 1527 952 1594 omnia
972 1553 990 1598 a
1014 1523 1077 1599 deo
1099 1533 1205 1626 impe.

220 1651 353 1714 neruus,
379 1621 420 1698 de
438 1619 623 1710 invocando
637 1616 710 1692 solo
734 1618 798 1693 deo
821 1641 852 1692 et
872 1621 913 1692 de
926 1623 1206 1720 indulgentiarum

215 1736 361 1802 ‘vanitate
380 1745 466 1798 recte
491 1717 622 1794 sensisse
641 1740 803 1818 appareat,
827 1741 880 1793 ant
896 1723 1126 1798 Waldensium
1140 1727 1206 1803 dis.

124 1912 127 1916 ¹
220 1829 377 1926 cipulum,
408 1844 461 1896 aut
484 1823 607 1920 alioqui
629 1815 869 1908 otolr'daaaar,
891 1825 1030 1895 mirabili
1051 1827 1161 1900 modo
1183 1862 1204 1906 a

100 1942 103 1949 '
123 1926 135 1953 '⁴
219 1928 284 1999 deo
300 1929 465 1998 veritatem
482 1919 647 2003 edoctum,
670 1917 778 2017 quales
798 1919 891 1990 multi
909 1927 1059 1995 omnibus
1074 1948 1201 2025 tempo.

216 2029 303 2100 ribus
325 2032 360 2096 in
382 2018 575 2096 densislimis
598 2018 750 2092 ecclesiae
771 2021 960 2095 christianae
974 2028 1113 2100 tenebris
1127 2025 1196 2100 fue-

122 2124 124 2129 ’
195 2145 302 2200 runt.

312 2310 413 2409 atqui
434 2301 596 2398 ejusmodi
615 2321 705 2401 patre
724 2321 910 2402 procreatus
923 2310 1053 2408 ejusque
1070 2308 1139 2383 linu
1162 2333 1195 2386 et

114 2456 144 2493 1,
212 2407 416 2510 indulgentia
436 2410 589 2506 pueritiae
608 2409 700 2475 annis
715 2401 875 2492 educatus,
899 2431 958 2504 per
980 2435 1118 2484 omnem
1133 2415 1195 2485 ho·

211 2531 385 2594 nestarum,
408 2511 517 2608 prouti
532 2524 607 2577 tnnc
629 2500 770 2590 fuerunt,
794 2507 913 2577 artium
937 2508 1058 2581 cultum
1080 2517 1193 2584 ineun-

174 2610 177 2619 ’
212 2631 279 2684 tem
297 2609 552 2681 adolescentiam
571 2599 760 2704 transegisse
775 2599 909 2677 videtur.
962 2611 1042 2681 Sunt
1067 2607 1190 2686 scilicet

145 2730 149 2743 ’
210 2711 357 2811 quolibet
382 2736 464 2782 aevo
485 2711 601 2781 eximii
623 2702 758 2804 quidam
773 2709 845 2791 uiri,
871 2711 926 2804 qui
949 2715 1037 2806 quasi
1052 2719 1189 2809 proprio

208 2837 268 2882 suo
287 2816 416 2884 innatae
439 2810 602 2904 gravitatis
619 2803 725 2902 atque
738 2811 948 2900 praestantiae
969 2803 1188 2886 fundamento

118 2926 121 2932 '
205 2914 358 2982 nitantur.
407 2909 489 2978 Sunt
502 2931 581 2976 vero
595 2909 692 2974 etiarn
707 2902 774 2990 alii,
799 2908 866 3000 qui,
890 2911 1037 3001 quamvis
1050 2907 1187 2985 illorum

204 3012 416 3080 eminentiam
436 3031 509 3100 non
526 2999 744 3099 assequantur,
767 3022 909 3075 attamen
930 3008 1056 3101 ingenii
1071 3005 1187 3081 animi-

206 3135 269 3207 que
290 3107 457 3182 literarum
479 3107 660 3201 artiumque
679 3106 913 3174 humaniorum
937 3127 1002 3201 ope
1016 3105 1100 3178 haud
1117 3111 1185 3183 vul·
1213 3190 1216 3199 ,

205 3238 209 3246 ¹
236 3266 282 3334 (g.)
298 3260 511 3339 §colendumne
524 3257 600 3312 libro
618 3255 697 3311 excit.
709 3274 737 3328 p.
757 3254 841 3310 1801),

236 3388 283 3458 (h.)
302 3387 461 3456 Monendus
481 3384 526 3443 hic
542 3400 640 3438 censeo
657 3381 775 3434 lectores
790 3381 949 3448 benevolos,
965 3393 994 3437 vt
1006 3386 1047 3439 uel
1062 3406 1091 3440 ea
1109 3408 1181 3443 con.

267 3458 365 3519 sulam,
383 3474 451 3526 qttae
470 3453 587 3508 historia
612 3451 820 3506 reliirmationis
840 3453 869 3503 in
889 3454 1049 3508 universum
1071 3457 1105 3509 de
1120 3461 1179 3511 Lu.

200 3582 203 3587 ,
265 3526 337 3581 thuri
360 3534 438 3594 patr-e
457 3530 668 3582 commemorat,
690 3519 732 3572 vel
755 3536 786 3572 ea
804 3519 966 3590 inspiciant,
982 3540 1051 3594 eptae
1072 3525 1124 3579 hac
1145 3530 1179 3580 de

267 3613 325 3647 rea
341 3593 481 3663 Cypriano
496 3592 525 3643 in
538 3588 670 3648 Tuntzrlii
689 3585 797 3650 libello,
854 3590 965 3643 iinscrr'
987 3602 1030 3643 tus
1047 3603 1100 3645 est:
1124 3596 1178 3648 Hi-

264 3653 416 3714 storisolrer·
429 3659 542 3723 lleriulit
556 3677 618 3712 stom
636 3654 760 3728 Anfange
773 3674 808 3708 vn
844 3665 946 3714 erstem
977 3671 1111 3730 origange
1125 3664 1176 3716 dur

191 3772 193 3779 .
261 3731 451 3784 licsormntion
471 3728 582 3780 liutheri
599 3728 681 3782 Turn:
700 3725 712 3778 l
733 3745 760 3797 p.
782 3729 838 3780 146.
866 3725 923 3798 sqq:
943 3729 971 3780 in
991 3741 1055 3781 nota
1077 3735 1176 3800 prnl'c„

262 3809 376 3862 rantur-5
406 3799 508 3871 quippe
528 3813 613 3868 quum
640 3796 743 3848 horuur
766 3796 990 3849 testimoniorum
1012 3804 1174 3855 attulerit-ate

259 3865 407 3921 clarisfirne
427 3867 574 3928 evincatur,
591 3873 738 3934 utrumque
757 3873 863 3933 patrem
884 3864 913 3915 in
939 3865 1112 3933 dijudicanda
1134 3870 1172 3923 sui

258 3938 394 4007 temporis
408 3936 542 4004 religione
556 3933 655 3988 eodem
668 3937 724 4005 jam
743 3929 913 3985 consensisse¹
930 3935 1027 4005 inodo,
1045 3955 1099 4007 quo
1113 3957 1169 4008 po.

256 4015 313 4061 stea
328 4020 423 4059 eorum
438 4003 487 4057 lilii
499 4002 661 4059 amicissime
683 3997 888 4073 conspirarunt.
