2474 4552
89 182 98 215 ,
419 164 422 168 ·
911 152 923 194 a
1042 136 1045 154 ¹

100 221 182 295 XIV
273 259 297 276 «-
366 297 379 308 ,
488 245 497 261 ‘
989 285 1000 311 ,

98 379 237 482 scriptus
272 401 458 454 asservetur.
520 378 684 473 Dresdam
724 389 823 484 igitur
862 391 977 460 itinere
1005 385 1094 462 facto

25 517 29 521 ’
64 606 69 615 .
96 511 161 585 adii
191 511 424 583 bibliothecam
448 517 585 611 regiam,
607 533 639 584 et
662 496 773 612 quum'
789 540 854 614 ope
873 502 1032 601 Virorum
1056 519 1096 590 Il·

12 692 15 697 ·
96 639 267 728 luntrium,
292 647 347 741 qui
386 641 435 712 rllr
454 641 672 714 bibliothecae
698 665 868 742 praesunt,
893 645 1021 747 largam
1051 650 1096 721 ibi

91 768 137 843 de
177 768 347 864 Myconio
383 740 582 844 scribendi'
574 779 771 844 invenissem
804 781 992 864 materiam,
1024 806 1097 850 non

77 896 248 977 solum
245 905 303 973 viri
329 907 539 1000 praestantia,
544 899 621 973 sed
646 907 692 972 rei
728 907 829 1001 ipsius
853 892 951 1000 ⁸(d),
977 894 1092 1005 utpote
1131 994 1135 1005 Ι

50 1036 274 1146 ‘Sacrorum
298 1024 553 1145 §emendatorum
583 1033 776 1104 incunabula
797 1032 974 1110 clarissime
1002 1037 1091 1109 illus·
1164 1066 1167 1071 ·

88 1162 230 1251 ttarrtis,
256 1169 410 1264 gravitas.
431 1189 491 1233 me
517 1167 641 1249 movit,
673 1183 707 1234 ut
739 1168 798 1234 viri
831 1162 1032 1265 dignissimi,
1061 1188 1093 1239 at

56 1280 59 1290 Ι
87 1283 151 1373 hos
161 1299 215 1367 tris
227 1288 430 1392 temporibus
453 1298 560 1389 paucis
580 1294 710 1364 tantum
733 1299 871 1392 cogniti,
892 1288 1091 1368 memoriam
1150 1383 1152 1386 Ι

87 1453 132 1527 eq
164 1422 277 1499 inferis
303 1430 392 1524 quasi
418 1450 583 1510 revocare,
609 1429 735 1538 piisque
758 1427 915 1517 Myconii
942 1427 1091 1497 manibus

85 1563 155 1663 bac
160 1585 194 1632 ce
220 1551 370 1650 oratione
403 1550 513 1627 denuo
540 1574 709 1663 parentare
737 1552 959 1628 decernerem
1013 1559 1091 1641 Huc

79 1691 248 1775 accressit,
272 1681 380 1784 quod,
406 1657 509 1782 quudr
533 1685 704 1797 Summe
722 1683 971 1770 Venerabili
992 1706 1121 1785 atque

85 1803 336 1916 Magnifico
392 1785 429 1883 ln
476 1788 681 1884 universitate
730 1801 898 1885 literarum
954 1791 1098 1903 Jenensi

32 1949 56 2044 ³,
86 1943 431 2041 Theologorurn
459 1937 634 2027 Ordini,
669 1968 731 2038 pro
764 1948 901 2013 summjs
933 1945 972 2015 ab
996 1939 1087 2016 illo

81 2079 188 2187 mihil·
208 2072 321 2146 delatis
344 2045 394 2142 ‘in
430 2068 627 2166 Theologia
666 2073 865 2159 honoribus,
900 2079 1086 2172 ,gratiarum

83 2201 294 2308 agendarum
318 2225 409 2271 causa
427 2203 583 2296 scriptum
605 2197 740 2296 aliquod
759 2221 842 2272 esset
862 2198 1085 2290 offerendum,
1157 2298 1164 2304 .

81 2332 244 2412 nonnulli
268 2355 422 2402 meorum
449 2333 652 2412 amicorum,
683 2349 714 2400 et
741 2328 875 2426 quidem
902 2339 961 2404 viri
993 2361 1084 2433 prae-

1 2515 3 2522 .
81 2468 290 2548 nantissimi,
315 2459 492 2532 consilium
519 2484 630 2530 meum
656 2457 696 2530 de
710 2450 882 2564 Myconii
903 2469 965 2534 vita
993 2490 1084 2535 enar·

60 2591 209 2685 ‘rande
224 2619 300 2666 cum
333 2594 409 2691 ipsis
441 2570 742 2676 communicatum,
774 2617 844 2662 non
875 2589 983 2672 modo
1010 2621 1081 2669 non

16 2765 18 2768 ⁴
80 2727 326 2843 improbarunt,
352 2716 408 2790 sed
427 2723 522 2790 omni
542 2744 597 2790 sua
618 2702 806 2792 auctoritate
826 2721 1079 2795 confirmarunt

1 2917 10 2930 .
78 2864 150 2934 Cui
180 2857 459 2949 obtemperaturus
485 2874 613 2945 sperare
637 2847 826 2947 quidem
797 2878 851 2922 vrx
878 2879 971 2922 ausus
995 2880 1080 2939 sum,

4 3065 11 3082 .
75 2988 178 3074 forre,
212 3004 247 3056 ut
274 3001 460 3062 aeternam,
491 3003 573 3076 quae
598 2973 700 3049 fnit
693 3006 726 3048 ιιι
752 2981 941 3070 Myconi0,
977 2991 1076 3055 animi

69 3111 349 3221 tonnarnverbis
371 3113 557 3213 exprimere
581 3127 677 3232 atque
705 3115 840 3218 pictoris
868 3118 960 3207 periri
990 3122 1077 3223 quasi
1106 3121 1112 3140 ⁸

13 3257 40 3329 J
74 3271 142 3327 arte
176 3237 374 3319 delineatam
401 3237 539 3310 oculis
531 3242 725 3309 intuentium
759 3262 927 3336 exponere
955 3249 1076 3367 possim

73 3391 135 3472 tta,
159 3397 215 3463 ιιι
241 3399 321 3474 quo
348 3373 530 3468 ingenio
556 3364 702 3454 fuerit,
728 3390 767 3438 et
800 3392 1076 3469 quantopere

42 3512 45 3521 '
72 3521 114 3590 in
138 3513 229 3584 hoc
253 3494 495 3612 excqlendo
522 3517 651 3596 atque
670 3495 858 3570 ornando
882 3520 1074 3587 aetatem,

106 3693 170 3787 (ηά
177 3692 199 3778 )
221 3689 281 3756 Est
322 3681 441 3749 seilicet
472 3699 508 3745 ca
542 3683 706 3758 virorum,
750 3683 870 3782 quibus'
904 3707 1073 3749 sacrorum

154 3770 423 3877 emendationem
454 3763 629 3862 (lebamus,
662 3763 823 3844 conditi0,
852 3784 903 3846 ut,
926 3770 992 3854 qui
1020 3792 1073 3833 res

149 3860 253 3924 unius
268 3867 386 3918 attente
401 3850 583 3936 inspirarit,
605 3850 702 3912 totius
715 3848 782 3912 fere
800 3847 951 3914 ecclesiae
971 3875 1072 3918 evan-

152 3941 278 4033 gelicae
296 3935 363 4001 fata
382 3957 555 4039 praecipua
582 3934 770 4016 cognovisse
792 3930 951 3999 videatur
