2474 4552
113 436 175 483 rus.
225 411 292 483 Ubi
306 394 410 508 rogati
426 406 545 509 singuli
558 403 728 480 'sententias
750 405 911 495 dixerunt,
937 412 1091 483 Pomem·

112 537 181 608 nus,
193 517 302 616 Jonas,
325 514 531 608 Crueigerus,
556 509 731 592 Welierus,
755 510 932 608 Philippus,
955 514 1091 584 Meuius

113 640 145 690 et
173 639 237 714 ego
267 610 446 684 Fridericus
467 613 663 701 Myconius,
695 610 737 678 ibi
761 607 893 681 tandem
914 610 1090 709 respondi-

112 710 184 790 mus
200 717 293 813 quasi
308 739 374 782 unu
389 737 464 782 ore:
485 713 520 780 Si
532 714 574 780 ita
589 718 624 780 ut
640 704 779 781 confessi
793 731 892 796 erant,
906 709 1007 783 corde
1021 741 1088 784 cre·

112 815 301 899 dereut,ore
317 807 558 904 confiterentur,
576 814 671 907 atqire
686 808 851 881 ecclesiam
865 814 947 882 haec
961 810 1088 895 eadem,

6 947 9 951 ·
67 950 71 957 ⁴
110 921 241 1012 hocque
254 908 360 984 modo
376 907 542 994 docerent,
567 928 661 1006 atque
676 907 794 982 deinde
814 909 933 982 docere
952 911 1087 1000 veilent,

110 1013 251 1088 dandam
266 1011 333 1082 iilis
348 1036 464 1109 pacem
480 1005 556 1083 esse.
605 1013 730 1080 Verum
743 1008 852 1082 adhuc
867 1010 969 1082 semel
983 1013 1087 1110 expli·

111 1136 179 1190 cate
200 1113 263 1185 iilis
284 1132 478 1208 exponeret:
504 1115 557 1181 hn
583 1114 680 1204 etiam
702 1107 795 1180 ittum
818 1116 926 1208 ipsum
948 1137 1087 1209 panem,

49 1232 53 1249 ¹
112 1221 166 1316 qui
186 1242 204 1284 a
221 1216 369 1284 ministro
384 1213 504 1281 Christi
523 1235 599 1280 cum
624 1207 728 1279 verbis
751 1215 941 1282 instituentis
964 1212 1086 1284 Christi

109 1312 264 1412 indignis,
288 1331 323 1381 ut
342 1330 436 1382 vocat
458 1307 589 1399 Paulus,
615 1307 724 1396 datur,
750 1329 782 1381 et
801 1313 840 1381 ab
860 1315 908 1381 eis
932 1311 1088 1402 sumitur,

40 1423 45 1436 ’
109 1440 183 1488 vere
196 1408 355 1500 fateantur
371 1406 435 1480 esse
451 1434 567 1506 corpus
582 1410 710 1478 Christi.
756 1413 844 1482 Sicut
866 1437 941 1483 vere
958 1431 1009 1483 est
1025 1409 1087 1485 no-

47 1593 54 1609 ,
107 1541 188 1588 men
202 1514 352 1597 Domini,
373 1505 462 1608 quod
476 1513 594 1606 impius
612 1527 724 1579 contra
739 1507 915 1582 secundum
934 1537 1087 1611 praecep-

78 1651 80 1659 ·
108 1637 178 1688 tum
192 1609 316 1683 tabulae
328 1615 453 1707 primae
466 1611 598 1699 Moysis
618 1612 733 1705 accipit
752 1615 786 1682 in
809 1635 942 1682 uenum:
968 1612 1087 1710 Neque

59 1798 63 1813 ,
84 1707 87 1715 ’
107 1715 144 1788 fit
159 1736 368 1784 nonnomen
381 1712 518 1781 Domini
535 1735 574 1778 ex
591 1709 772 1800 ejusabusu.
824 1713 865 1781 Et
887 1709 986 1797 Judas
1009 1739 1086 1784 vere

107 1809 372 1911 amplexamini
389 1812 489 1882 horto
519 1813 704 1892 Christum,
737 1832 769 1881 et
797 1810 964 1882 osculatur
990 1837 1087 1883 eum:

104 1917 223 2011 Neque
237 1909 274 1980 fit
291 1935 360 1981 non
371 1913 514 1980 Christus
524 1936 563 1980 ex
576 1927 665 1980 tanto
678 1908 775 1979 abusu
793 1931 823 1980 et
837 1908 1009 1982 traditione
1023 1917 1085 1984 im·

34 2098 37 2102 Α
104 2012 258 2113 piistima,
277 2030 337 2079 etc.
365 2012 486 2080 'Tune
501 2005 650 2106 regressis
673 2009 778 2099 nobis,
805 2030 836 2080 et
857 2010 1009 2081 omnibus
1034 2040 1083 2084 re·

105 2109 295 2198 sidentibus,
321 2111 477 2179 Lutherus
500 2112 612 2178 omnia
630 2134 700 2176 non
721 2114 790 2178 sine
811 2115 936 2207 ingenti
956 2115 1083 2208 spiritus

7 2294 9 2301 Ι
104 2212 284 2299 alacritate,
300 2235 381 2307 quae
402 2212 499 2278 etiam
521 2233 561 2277 ex
579 2206 733 2303 oculisret
746 2207 919 2282 toto'vuitu
941 2211 1083 2309 resplen-

17 2330 20 2335 '
106 2310 192 2406 duit,
217 2313 384 2380 recensu-it.
435 2309 503 2378 Ubi
525 2333 600 2377 cum
620 2304 655 2376 id
674 2305 764 2405 quod
785 2336 834 2380 res
855 2315 923 2410 ipsa
945 2330 1007 2381 est:
1028 2338 1084 2411 pa·

22 2435 30 2448 ⁰
104 2439 181 2485 nem
199 2435 314 2506 corpus
327 2408 446 2478 Christi
470 2434 510 2479 ex
534 2409 677 2504 potentin
702 2431 733 2478 et
754 2414 867 2483 virtute
891 2415 1082 2484 instituentis

104 2515 223 2584 Christi
251 2531 282 2580 et
306 2507 443 2578 dicentis
468 2506 574 2579 divina
596 2512 767 2599 majestate,
792 2505 985 2596 faterentur,
1012 2517 1082 2584 sive

13 2664 17 2679 ,
101 2613 230 2710 indigni
245 2611 422 2695 abutantur,
448 2613 514 2680 sive
528 2605 619 2707 digni
629 2628 756 2680 utantur
772 2608 844 2696 ilio,
868 2608 1083 2708 pacemdedit

103 2718 133 2786 et
147 2715 277 2808 occepit,
310 2706 457 2809 furtaque
474 2729 564 2781 estet
578 2713 695 2780 sancita
710 2715 792 2781 inter
808 2737 869 2783 nos
887 2733 1081 2808 praesentes,

35 2812 38 2817 ’
102 2807 290 2884 concordia.
339 2809 741 2906 proruperunttnrvnne
758 2816 913 2908 Capitoni
938 2831 969 2881 et
982 2815 1083 2884 huce-

35 2990 40 3005 ⁵
62 2917 67 2955 ’-
101 2940 152 2998 ro,
175 2930 205 2981 et
218 2915 368 3007 utrinque
382 2907 563 2995 eurreellatis
578 2911 725 2980 manibus
739 2930 769 2980 et
784 2913 923 3008 gestibus
934 2916 995 3007 piis
1004 2914 1079 2984 Deo

100 3017 216 3111 gratias
231 3015 366 3108 egimus.
418 3012 461 3078 Et
473 3005 545 3101 jurii
558 3026 630 3080 sunt
645 3007 820 3106 prudenter
836 3033 867 3081 et
889 3016 1008 3082 sensim
1033 3009 1080 3081 di·
1132 3088 1139 3101 ‚

99 3108 223 3185 versam
237 3113 441 3195 sententiam,
467 3113 491 3179 si
507 3107 612 3181 adhue
629 3114 664 3180 in
684 3110 824 3182 aliorum
842 3107 992 3184 cordibus
1006 3116 1079 3182 hae-

96 3231 201 3297 reret,
227 3213 389 3295 eximere,
415 3229 446 3280 et
465 3211 549 3308 hone
570 3229 689 3281 certam
711 3229 741 3280 et
755 3237 863 3281 veram
887 3216 1077 3281 sententiam

98 3310 252 3383 Ecclesiis
297 3336 472 3408 reponere,
498 3328 533 3381 et
549 3331 703 3407 quantum
721 3313 852 3409 Spiritus
867 3312 1006 3382 Domini
1024 3309 1078 3380 ati-

97 3417 217 3504 juvaret
230 3338 452 3482 minuitatem
468 3431 624 3495 nostram,
648 3408 733 3480 clare
750 3408 929 3507 exponere-I
977 3407 1078 3510 Qod

98 3514 125 3581 si
147 3513 227 3580 haec
249 3537 334 3597 vox,
351 3515 455 3608 'impii
476 3515 635 3609 accipiunt
657 3536 769 3582 verum
790 3536 909 3607 corpus
934 3514 1077 3598 Christi,

15 3700 17 3705 s
96 3607 182 3707 apud
202 3634 288 3696 suos,
307 3607 447 3681 ‘rudibus
473 3608 689 3691 intolerabilis
711 3608 888 3695 videretur,
914 3619 1077 3681 uterentur
1095 3611 1104 3703 Ἰ

56 3737 59 3744 “
94 3713 226 3781 interim
240 3735 286 3795 ea,
311 3736 371 3807 qua
383 3709 494 3780 Paulus
511 3737 583 3780 usus
598 3729 660 3797 est,
687 3707 861 3806 indignus:
880 3737 991 3787 verum
1006 3737 1077 3782 rem

7 3828 25 3897 ·,
52 3850 54 3854 -
94 3815 199 3906 ipsam
215 3810 424 3907 explicarent,
450 3813 515 3878 sive
529 3806 671 3882 dicerent
684 3836 745 3909 pro
761 3814 881 3903 impiis,
907 3807 1077 3880 inereduli.
1163 3899 1164 3903 Ἰ

93 3911 200 4005 Darae
221 3930 294 3985 sunt
314 3907 446 4009 destrae
470 3915 619 4009 utrinque
642 3930 673 3983 et
695 3908 893 3984 discesfimus
912 3908 953 3981 ad
967 3930 1077 3983 nostra
1141 3968 1144 3977 .

93 4011 243 4109 hospitia.
277 4055 308 4079 .·
400 4088 403 4094 ,
503 4080 506 4087 ,
703 4014 706 4021 ⁴
