2474 4552
153 431 301 537 :„quendi
323 437 558 509 remissionem
572 453 778 536 peccatorum
797 453 830 508 et
848 439 948 509 vitam
964 453 1139 509 aetemann

121 557 122 560 ’
158 588 179 621 „
205 563 281 610 uam
304 531 556 619 satisfactionem
579 561 638 636 per
658 557 766 607 nostra
780 563 890 634 opera,
915 540 1014 635 quam
1030 556 1140 608 tamen
1163 543 1171 572 '

156 563 319 720 „docebat
333 631 568 734 imposfibilem
584 631 660 723 esse,
677 626 732 706 sed
745 639 828 708 hanc
846 632 951 709 solam
964 655 1080 708 restare
1093 640 1140 708 vi·
1163 720 1166 726 ἱ

157 762 248 824 „am‚
272 733 386 808 fleam
403 731 638 808 redimeremus
656 741 800 808 nummis
822 739 1011 809 aRomane
1029 740 1139 809 Ponti·
1167 805 1174 827 x
1208 756 1215 769 “

101 835 106 899 ἓ
156 836 260 922 „fice,
297 857 328 907 et
350 833 392 921 fic
415 862 600 909 emeremus
628 836 724 908 nobis
749 834 964 935 indulgentias
990 833 1138 934 papales,

154 962 261 1034 „quas
278 934 454 1008 definiebat
469 931 536 1008 esse
552 932 779 1008 remisfionem
799 957 1008 1035 peccatorum
1025 955 1056 1007 et
1071 961 1137 1015 cer·

153 1057 249 1119 „tum
263 1041 297 1107 in
323 1033 445 1112 ressum
457 1039 543 1108 uitae
558 1058 715 1113 aeternae.
750 1033 915 1135 Stupeada
927 1055 959 1107 et
973 1060 1077 1133 paene
1089 1040 1137 1105 in·
1184 1032 1187 1036 '

98 1148 100 1153 '
152 1064 343 1220 „credibilia
354 1130 486 1234 possem
502 1161 659 1222 enarrare,
685 1160 768 1235 quae
780 1133 1007 1222 hoc'biennim
1023 1136 1138 1226 (nem

153 1232 374 1336 „quotidie
394 1232 982 1332 concionabatur‚)audierim.
1006 1237 1137 1406 Ἥκω

154 1362 258 1436 „ego
291 1331 398 1407 adeo
429 1353 591 1408 attente
626 1334 866 1422 audiebam,
897 1354 938 1408 vt
971 1360 1047 1434 pos
1073 1360 1137 1408 ena

152 1431 335 1526 „deinde
372 1431 473 1529 aliis
510 1439 701 1535 integras
740 1441 1003 1520 conciones,
1038 1439 1150 1504 ¹imi.··
1211 1422 1220 1442 '

151 1531 306 1622 „tando
332 1536 459 1605 etiam
482 1553 619 1633 gestus
645 1556 685 1606 et
710 1539 1135 1634 pronunciationem,

151 1635 427 1720 ‚‚denarrare,
453 1657 538 1705 non
562 1631 730 1731 quidem
756 1631 963 1719 ludendo,
984 1631 1057 1717 ,sed
1085 1629 1137 1710 se.-

153 1739 254 1818 „r'io
300 1731 486 1827 Credebam
501 1736 589 1803 enim
605 1735 685 1804 haec
698 1758 829 1832 prorsus
844 1729 910 1805 esse
924 1732 1052 1804 oracula
1062 1734 1137 1810 Dei,

154 1851 211 1918 „et
228 1830 381 1930 quicquid
393 1860 410 1903 a
423 1837 507 1930 Papa
523 1830 714 1920 mitteretun
737 1831 859 1933 abipso
874 1834 1006 1905 Christo
1020 1831 1059 1903 ad
1073 1859 1135 1904 noe
1230 1900 1235 1908 ,

152 1937 356 2032 „pervenire
404 1930 560 2003 Tandem
575 1929 695 2004 eodem
708 1959 796 2005 anno
811 1938 894 2004 circa
904 1934 1133 2018 ‚Pentecostem
1204 1990 1209 2003 .

149 2037 325 2118 „minatur
351 2027 385 2103 se
400 2029 622 2131 depositurum
636 2060 785 2120 crucem,
807 2032 992 2106 clausurum
1012 2055 1135 2130 apertas

148 2130 262 2218 „coeli
276 2137 394 2224 januas,
411 2157 519 2232 neque
531 2128 690 2221 futurum,
711 2153 747 2206 ut
760 2138 961 2225 uitareterna
976 2153 1009 2204 et
1022 2137 1133 2204 remis·
1202 2216 1205 2221 ¹

147 2221 220 2318 „fio
243 2252 450 2329 peccatorum
471 2235 607 2332 posthac
628 2253 695 2308 tarn
714 2233 771 2308 vili
786 2239 898 2334 pretio
921 2234 1033 2304 habeti
1058 2255 1132 2330 pos-

147 2329 259 2417 „sentr
282 2358 388 2430 neque
405 2329 496 2432 spem
511 2327 590 2420 esse,
616 2331 705 2433 quod
720 2355 806 2429 tanta
823 2331 995 2413 liberalitas
1011 2336 1134 2403 Rotna-
1154 2366 1157 2373 ¹

147 2425 320 2518 „n'aesedis
338 2438 373 2503 in
388 2436 601 2505 Germaniam
616 2460 760 2533 vnquarn
776 2431 854 2507 dum
870 2453 966 2504 staret
980 2428 1132 2516 mundus,

146 2529 256 2619 „esset
275 2529 426 2618 reditura,
451 2533 638 2603 hortabatur
657 2553 690 2605 vt
711 2534 843 2604 baberet
863 2537 998 2629 quisque
1012 2527 1085 2601 suae
1102 2549 1134 2600 et

146 2628 303 2716 „suorum
345 2653 554 2702 mortuorum
593 2637 721 2702 animae
756 2627 862 2701 salutis
882 2632 883 2637 ’
901 2635 1133 2712 rationem,-

122 2759 283 2817 ·„nunc
310 2726 397 2800 esse
423 2728 541 2821 diem,
563 2723 860 2817 salutis,-u·unc
881 2747 1050 2825 tempus
1070 2727 1133 2801 ac?

115 2829 388 2928 -„ceptabile3
454 2831 560 2918 (Ach
602 2825 812 2902 verseurne
850 2835 886 2922 ja
931 2824 1131 2902 niemand

146 2927 488 3018 „seiner‘S-eelen
514 2929 770 3029 Seli'glreitl)

243 3144 336 3232 „Nisi
356 3149 446 3215 enim
462 3145 611 3216 habueris
635 3144 743 3217 literas
759 3150 874 3244 Papae,
898 3143 1043 3216 amultis
1056 3169 1131 3244 pec·
1205 3140 1208 3147 ¹

146 3249 245 3332 „catis
266 3264 297 3314 et
316 3245 437 3315 casibus
456 3241 620 3317 reservatis
633 3273 702 3316 non
729 3252 851 3343 poteris
870 3273 887 3316 a
905 3248 1062 3343 quopiam
1077 3245 1131 3317 ab·

145 3340 266 3432 „solvi-
316 3341 538 3444 Affigebantur
551 3346 682 3444 publice
697 3344 795 3416 valvis
819 3365 849 3416 et
863 3344 1035 3442 parietibus
1050 3365 1131 3416 tem·

146 3443 306 3543 „plorum
320 3441 432 3516 literae
452 3440 638 3544 impressae,
665 3451 699 3517 in
716 3446 830 3542 quibus
850 3442 1075 3532 mandabatur,
1096 3463 1131 3517 vt
1203 3509 1206 3515 ,

144 3549 203 3631 „in
222 3539 498 3642 lrg'nificationem
513 3551 687 3644 gratiarum
707 3549 842 3618 actionis
856 3545 987 3638 alicujus
1002 3571 1064 3643 pro
1076 3541 1148 3616 de?

144 3649 304 3747 „votione
322 3644 441 3745 populi
462 3645 647 3717 Germanici
675 3644 788 3716 literae
813 3638 1069 3744 indulgentiales
1100 3663 1132 3715 et

145 3745 311 3843 „plenaria
339 3747 393 3815 illa
419 3752 585 3844 potestas,·
613 3771 684 3817 non
706 3767 796 3819 tauto
820 3773 921 3833 auro,
945 3765 1067 3845 quanto
1096 3749 1132 3814 in

146 3850 346 3943 „prirrcipio‚
372 3843 426 3918 sed
441 3851 565 3920 minori
610 3851 693 3918 retio
711 3843 938 3919 venderentur.
988 3847 1030 3916 Et
1045 3849 1078 3914 in
1092 3838 1133 3913 fi-

130 3965 299 4048 ·„neerat
328 3943 516 4039 adjunctum
544 3870 697 4020 inferiori
716 3953 843 4048 spatio,
879 3943 1133 4045 pauperibus
1206 3932 1222 4001 '3

247 4055 256 4082 Ι
