2474 4552
1011 311 1061 385 65

230 428 324 506 Furia
346 435 475 529 quinta,
502 432 719 504 Ascensiouis
742 432 894 508 Domini.

36 607 41 616 ⁴
166 533 246 605 Hoc
260 529 412 604 dienihil
428 549 475 603 cst
496 551 617 618 actum,
642 537 703 603 nisi
723 530 814 634 quod
831 531 960 611 auditae
976 555 1055 611 sunt

63 631 420 723 concionesWelleri,
446 629 622 704 Priederici
634 635 803 724 Myconii,
825 637 944 723 Menii,
966 635 1054 709 etad
1071 669 1088 703 ·,

64 750 213 832 vesperas
232 734 365 807 Lutheri
385 728 673 830 spiritualisstmae,
692 731 741 821 ,de
760 735 864 806 verbis
886 734 947 808 illii
959 738 1054 829 Mar·
1131 794 1134 799 ,

64 840 116 906 ci:
135 836 258 905 Euntes
278 838 314 904 in
328 829 492 905 muudum
514 834 719 918 universum,
744 832 1053 931 praedicatesEvan·

63 933 193 1034 galium
210 937 304 1005 omni
320 950 493 1016 creaturae,
519 953 580 1004 etc.
630 930 750 1003 Audivi
764 956 858 1004 antea
872 936 1049 1011 lutherum

63 1059 232 1134 persaepe,
255 1028 311 1104 sed
328 1033 517 1104 nunc'mihi
532 1057 576 1103 ex
588 1034 662 1130 ipso
676 1030 775 1106 coelo
789 1060 862 1107 nou
874 1030 985 1133 loqui,
994 1030 1051 1108 sed

63 1153 180 1206 tonare
193 1137 332 1206 nomine
343 1133 465 1205 Christi
479 1125 655 1205 videbatur.

40 1348 43 1353 .
162 1293 282 1363 Actum
303 1308 350 1361 est
368 1292 466 1360 etiam
487 1283 591 1361 eadie
610 1272 653 1362 de
672 1276 824 1362 formula
839 1289 1051 1366 Concordiae

60 1396 98 1464 in
121 1395 280 1463 sententia
300 1390 530 1479 Eucharistiae,
556 1408 589 1462 et
608 1388 762 1490 Philippo
785 1389 898 1466 datum
917 1397 1062 1492 ‘negotiu

58 1519 137 1580 unt,
162 1513 198 1565 ut
214 1517 287 1583 earn
305 1493 503 1588 conciperet.

108 1673 207 1749 Sexta
221 1668 301 1746 feria
316 1692 391 1774 post
409 1675 629 1762 Ascensinnis,
653 1697 733 1772 quae
747 1669 810 1747 fuit
833 1677 890 1746 25.
904 1676 996 1768 Maji.
1036 1670 1043 1680 ’

161 1779 200 1847 ln
213 1771 395 1846 diversorio
417 1770 531 1845 viduae
545 1775 718 1844 Christiani
728 1771 962 1845 Goldschmids
971 1800 1047 1874 pro.

40 1870 44 1881 ’
61 1879 203 1978 positum
222 1894 268 1945 est
283 1879 407 1945 Bucero
422 1868 454 1943 et
467 1875 563 1943 sociis
577 1874 647 1964 ejus
662 1871 854 1971 exemplum
869 1870 1046 1948 confessio·

29 1979 138 2061 vnis„
162 2000 260 2074 quam
290 1977 440 2071 utrinque
469 1997 733 2070 agnosceremus.
791 1970 854 2043 Sed
885 1980 1044 2072 quoniam

29 2110 33 2120 ’
60 2068 154 2176 parici
170 2079 320 2169 utrinque
332 2071 519 2158 aderamus,
545 2097 652 2171 neque
673 2098 764 2144 causa
784 2071 894 2146 solum
915 2095 1043 2163 nostra,

59 2172 227 2275 sedetiam
250 2177 446 2269 Principum,
469 2171 698 2259 Ecclesiarum,
723 2172 911 2245 etaliorum
934 2193 1043 2272 pasto·
1141 2201 1149 2219 ²

58 2301 132 2349 rum
155 2278 264 2372 gregis
291 2276 430 2343 Domini
457 2267 546 2358 esset,
568 2297 657 2344 nunc
670 2269 749 2346 ficut
769 2299 835 2345 uos
859 2277 915 2373 qui
928 2298 1042 2368 coram

41 2371 217 2460 essemus,
242 2370 283 2444 de
305 2399 367 2444 una
390 2369 504 2444 eadem
525 2398 612 2463 vera,
638 2392 669 2445 et
690 2373 862 2446 Catholica
884 2379 1042 2446 sententia

56 2471 350 2547 concordaremus:
378 2476 423 2543 Ita
439 2498 524 2569 opus
540 2467 630 2556 esset,
651 2492 686 2543 ut
698 2477 819 2570 scripto
836 2491 867 2543 et
882 2473 1040 2571 exemplo

56 2569 254 2646 referremus
268 2575 349 2642 haec
357 2568 402 2642 ad
418 2572 573 2656 absentes,
601 2590 636 2641 ut
650 2571 747 2642 et'illi
771 2576 888 2643 nostris
910 2593 1042 2644 senten·

55 2678 110 2747 tiis
124 2699 214 2744 suam
230 2667 394 2765 adderent,
443 2668 544 2770 Qod
562 2695 623 2740 nos
637 2665 737 2740 facile
756 2692 920 2766 speramus
939 2668 1043 2770 itn'pe·
1128 2671 1132 2676 ¹

32 2795 38 2803 ·
56 2795 142 2846 trare
155 2778 217 2842 nos·
231 2765 359 2869 posse'a
372 2776 499 2842 uostris.
550 2768 602 2839 Illi
619 2766 706 2839 idem
723 2766 807 2866 apud
823 2795 897 2843 suus
911 2796 1041 2869 quaere·

36 2866 139 2953 ¹ret'tt.
168 2955 170 2959 Α
187 2865 318 2965 Deinde
334 2866 472 2969 possent
494 2865 562 2941 duo
582 2865 624 2939 ad
647 2894 707 2941 nos
734 2874 831 2952 mitti,
854 2868 961 2943 velex
980 2898 1042 2944 nu·

55 2977 126 3046 stris
140 2968 206 3043 duo
219 2967 260 3042 ad
276 2978 343 3052 eo's,
370 2990 404 3042 ut
420 2975 460 3042 ita
474 2963 731 3054 subscriberetur,
756 2966 959 3056 crederetur,
981 2998 1041 3068 pu·

56 3072 144 3144 blico
160 3092 192 3146 et
207 3074 360 3161 omniunt
376 3075 547 3142 communi
562 3074 700 3143 nomine
714 3067 754 3140 ad
773 3095 890 3142 omnes
902 3067 1041 3143 Ecclesi-

56 3196 101 3261 as,
125 3170 166 3244 de
179 3191 295 3263 nostra
312 3174 347 3241 in
363 3173 657 3245 haccontrouersia
674 3168 867 3243 concordia.

155 3359 327 3427 Postremo
348 3380 408 3453 per
428 3360 541 3427 omnia
556 3359 657 3426 testati
678 3372 766 3441 sunt,
791 3380 824 3424 se
837 3351 1041 3452 diligentisfi·

22 3532 25 3537 ,
53 3481 113 3530 me
128 3459 306 3540 omninea,
328 3480 411 3554 quae
431 3451 595 3537 confessio
615 3451 802 3550 Augustana
824 3473 855 3524 et
871 3442 1039 3554 Apologia
1126 3508 1137 3519 .

54 3555 142 3632 edita
156 3556 349 3642 contineret,
373 3549 577 3645 deferuuros,
598 3550 752 3626 docturos
768 3572 801 3624 et
815 3549 1040 3630 observaturos

8 3711 10 3719 J
53 3679 164 3731 enam.

150 3818 350 3915 Eadem'die
370 3855 443 3938 po'st
465 3834 649 3936 prandium.
701 3839 752 3909 De
766 3839 1041 3939 inprismatepar·

51 3941 207 4017 culorum
218 3937 381 4031 admoniti
394 3954 480 4039 sunt,
494 3952 538 4012 eo
549 3934 641 4036 quod
656 3936 949 4111 aliquidicpreutur
958 3966 1040 4039 nega
1114 3960 1117 3964 ·
