2474 4552
81 400 91 493 J
130 378 230 496 pium.
245 392 339 496 posse
361 394 556 491 judicamus,⁴
577 412 608 466 et
642 400 763 494 ‚reptet
783 393 874 469 illam
893 392 1039 470 vivnian
1057 393 1130 470 err·-⁴

128 496 329 596 pressionem
352 495 572 571 mirificorum
589 421 779 595 afllctuum,
802 497 916 601 mribus
939 521 998 569 cor
1019 516 1133 575 tuum.
1168 556 1171 563 ·

128 595 228 669 ardet'
241 592 360 669 fiducia
383 614 416 668 et
436 593 611 668 dilectione
628 593 694 665 filii·
703 598 778 681 Dei,
803 596 980 670 servatoris
993 603 1116 684 nostri,
1192 642 1196 651 =

128 719 161 769 et
175 709 315 794 propter
324 721 398 768 non
410 701 566 792 exiguam
585 694 841 781 solicitudinem,
868 713 899 767 et
918 716 1128 770 tammum.¹

98 876 99 879 Ἴ
127 819 198 870 turn
221 793 421 869 desiderium
443 799 512 880 tui,
531 792 638 891 quod
652 799 714 874 ista¹
734 801 1055 872 commemoratione
1074 801 1126 873 inv

126 897 221 968 nobis
235 894 402 992 relinquis,
414 914 577 991 :tanqumn
588 900 652 986 jam
666 890 857 966 discessurus
872 895 998 968 anobis
1012 903 1046 969 in
1061 903 1108 970 vi·

126 1017 193 1068 tarn
210 995 313 1093 longe
330 993 514 1084 meliorem,
537 1016 570 1065 et
582 1013 754 1065 aeternam
763 999 952 1075 societatem
966 992 1127 1069 dulcissn'

126 1122 198 1167 mae
213 1091 454 1169 consuetudinis
472 1115 503 1165 et
515 1093 841 1190 perpetuatelaetitiae
856 1099 1025 1194 cumip'so
1037 1095 1107 1172 filio
1191 1141 1195 1158 ·

124 1199 200 1279 Dei,
226 1193 334 1265 etillo
354 1190 604 1290 exoptatissimo
620 1194 1063 1295 coetu'beatorumpatrum
1077 1214 1117 1272 et:
1186 1235 1188 1241 ·

124 1297 361 1401 prophetarum
373 1313 405 1364 et
418 1312 604 1363 sanctorum
622 1296 1116 1369 omniutnetinnumetoexen-
1154 1370 1161 1377 ,

124 1402 187 1466 citu
202 1393 418 1489 Angelorum.
455 1395 589 1462 Tamen
606 1418 680 1484 cunt
696 1390 863 1469 videamus
883 1401 929 1464 sic
941 1393 1106 1468 abundare
1170 1417 1174 1428 '

125 1501 159 1565 in
173 1514 207 1565 te
222 1492 465 1563 consolationes
481 1512 513 1563 et
529 1497 626 1563 vitant
649 1497 683 1562 in
699 1496 844 1579 Christo,
868 1498 966 1566 etiam
983 1500 1017 1565 in
1035 1499 1129 1594 ipsa..¹

106 1684 109 1691 μ
123 1597 216 1684 hujus
231 1594 379 1701 corporis
392 1609 511 1672 morte,
537 1611 655 1662 utnon
672 1596 770 1674 mori,
790 1589 845 1662 *sed
861 1619 947 1668 nunc
961 1598 1114 1693 primum<

123 1719 199 1764 vere
215 1711 246 1762 et
264 1706 430 1762 aeternum
447 1694 555 1761 vivere
572 1694 606 1760 in
623 1698 694 1786 ipso
709 1689 780 1761 filio
797 1692 873 1776 Dei,
901 1697 957 1790 qui
976 1708 1024 1766 'est
1043 1698 1107 1767 vita

125 1813 157 1864 et
171 1793 365 1862 resurrectio
373 1808 500 1874 nostra*
510 1794 647 1886 incipias
657 1813 671 1879 3.
692 1815 797 1886 neque
813 1791 870 1887 tibi
889 1793 1018 1864 anobis
1031 1810 1110 1865 cou'·

123 1891 299 1963 solutiones
319 1893 403 1958 vitae
416 1885 572 1973 “aduersus
600 1907 743 1960 monem
769 1888 1022 1988 exspectandam
1045 1891 1103 1966 sed

125 1996 237 2090 potius.
248 1989 301 2058 abs
317 2007 349 2058 te
368 1988 464 2058 nobis
478 1985 684 2085 accipiendae
698 1984 786 2061 'sinte
803 1994 1104 2090 tompectoreDeo
1159 1992 1165 2000 “

123 2110 267 2173 aeterno,
287 2092 381 2184 patri
388 2091 530 2158 Domini
541 2092 647 2159 nostri.
655 2090 735 2175 Jesu
742 2089 880 2177 chains,-
901 2095 1018 2188 gratias
1036 2098 1106 2192 agi·

122 2214 196 2261 mus
217 2213 278 2284 pro
300 2185 510 2258 inenarrabili·
531 2184 630 2266 douo
643 2212 721 2270 suo,
762 2185 839 2260 uod
853 2208 885 2261 et
898 2195 1106 2289 agnitionem

121 2295 172 2362 sui
194 2293 228 2358 iu
241 2287 343 2358 verbo
362 2291 496 2384 ingenti-¹
511 2287 655 2359 bonitate
673 2213 945 2385 paralactonobi's
958 2288 1112 2384 donavit,⁴
1135 2304 1147 2326 ²

120 2409 153 2461 et
169 2402 230 2486 per.
242 2383 372 2458 illudio
384 2385 504 2474 multis,
515 2405 547 2458 et
559 2392 648 2459 inte.
680 2471 683 2478 ¹
704 2454 706 2459 ,
727 2413 791 2488 que
808 2393 925 2485 spiritu
939 2415 1000 2463 suo
1015 2417 1104 2464 sanc·

118 2508 157 2561 to
172 2481 289 2581 efficax
314 2505 370 2558 eat.
419 2488 463 2558 Et
476 2492 554 2584 quia
566 2506 603 2558 te·
615 2412 724 2558 dellllo
725 2487 907 2557 salutarem
919 2489 1105 2565 Ductorem

119 2587 282 2664 Fadana
296 2611 382 2671 suae,
404 2590 464 2682 qui
475 2612 556 2656 cum
569 2606 730 2683 tanquam·
745 2581 840 2655 furtis
854 2585 1028 2669 Athletaet
1044 2591 1103 2663 bo-

120 2715 180 2762 nns
195 2686 292 2758 miles
303 2688 427 2767 Cluisti
439 2710 565 2757 cursum
585 2705 678 2756 tunm
698 2682 839 2756 fideliter
860 2683 1136 2763 consummaret·

118 2794 182 2875 ris,
206 2787 379 2867 othonum
392 2801 559 2855 certamen
572 2787 711 2871 certaris,
735 2780 782 2856 de·
800 2785 928 2856 caetero
942 2792 1103 2864 coronam
1205 2798 1217 2823 ’“

120 2891 178 2961 tibi
192 2890 336 2977 justitiae
342 2887 523 2983 repositam
534 2885 752 2983 hebesquatn
764 2903 796 2957 et
805 2884 861 2956 tibi
876 2883 1017 2960 fideliter
1031 2887 1103 2973 red·

120 2987 177 3061 det
195 2990 371 3071 Dominus,
397 2990 494 3078 justus
515 2981 637 3078 judex,
663 3004 695 3057 et
719 2985 871 3057 omnibns
894 2983 1120 3086 diligentibus,¹

119 3087 297 3160 adveutum
310 3090 385 3178 ejus.
436 3087 544 3185 Qaue
559 3089 585 3155 si
599 3081 706 3156 adhuc
719 3090 754 3156 in
769 3088 831 3156 hac
845 3087 981 3159 mortali
996 3110 1027 3159 et
1041 3095 1107 3164 mi-

120 3213 189 3261 sera
202 3213 298 3259 carne
318 3190 411 3273 vivis,
430 3189 470 3256 in
485 3212 554 3284 qua
569 3187 635 3279 jam
654 3172 780 3283 aliquot
790 3210 902 3256 annos
919 3213 992 3258 nnn
1003 3192 1102 3287 ipsius
1156 3250 1160 3273 ,

113 3280 224 3361 'carrus
239 3290 313 3381 vita,
339 3280 396 3359 sed
417 3282 562 3358 fidefilii
577 3289 639 3356 Dei
664 3289 754 3370 vivis,
778 3281 832 3356 fac
851 3306 885 3356 ut
900 3311 1020 3384 pergas
1033 3315 1101 3363 esse

122 3393 235 3462 animo
250 3392 374 3458 'victore
391 3406 422 3458 et
437 3407 643 3458 contemtore
661 3387 781 3455 mortis
804 3399 836 3453 et
848 3380 1044 3476 inferorum,
1068 3408 1102 3462 et

123 3495 157 3560 in
184 3493 257 3584 ipso
283 3488 433 3557 Domino
460 3490 696 3584 triumphatore
726 3501 755 3554 et
779 3481 953 3556 liberatore
976 3509 1101 3566 nostro.
1129 3565 1130 3569 ,
1203 3555 1205 3560 ,

126 3584 310 3659 Admoneat
323 3606 356 3658 te
368 3607 406 3658 et.
415 3592 526 3683 ipsum
541 3583 733 3684 cognomen
742 3602 849 3664 tuum,
862 3600 896 3655 ut
910 3587 1033 3661 invicto
1046 3616 1100 3661 m.

83 3720 87 3729 ·
111 3692 203 3760 'bore
217 3685 294 3757 fidei
312 3712 466 3785 persones
482 3683 574 3756 illam
597 3709 735 3756 vocem:
757 3685 938 3769 Etiamsi
962 3689 1100 3759 arnbu·
1211 3737 1218 3753 .

126 3789 202 3860 lem
221 3793 262 3857 in
287 3781 426 3858 medin
447 3785 622 3861 umbrae
646 3782 812 3871 mortis,
834 3809 919 3856 non
942 3789 1100 3859 timebo
1177 3858 1181 3863 .

112 3887 284 3975 malum,
309 3895 505 3986 quoniam
530 3904 570 3957 tu
599 3908 758 3957 mecum
781 3910 821 3957 et
847 3904 906 3958 etc.
927 3904 960 3956 et
979 3891 1101 3984 siquae

125 3988 345 4078 somniare,
367 3991 574 4093 quibusipsa
590 3980 743 4079 abundas
791 3982 1102 4111 transsumimus
