2474 4552
85 297 299 377 '158-

69 478 92 530 „⁴
176 433 218 501 in
249 432 390 501 manus
409 403 538 513 suas,
557 426 736 512 Christi,
764 444 801 499 et
826 422 953 498 dixit:
982 426 1065 496 hoc
1095 442 1160 496 est

174 554 329 628 corpus
355 555 496 600 meum.
546 523 610 599 Sed
627 524 705 627 quid
721 530 820 599 hiere
844 552 948 598 cneco
969 528 1159 598 narratione

173 656 285 704 rerum
308 633 343 700 in
373 633 488 701 itinere
518 647 692 726 gestarum.
741 629 844 703 Mitto
874 627 931 698 tibi
958 625 1185 724 exenrpium,

174 756 269 802 meae
287 730 472 810 sententiae,
496 753 607 826 quam,
630 731 816 827 priusquam
830 727 1060 824 Witeber·gam
1080 747 1160 824 per·
1172 786 1182 811 ,-

135 833 340 915 ,venimus,
374 828 517 927 amplexi
532 847 609 899 sunt
637 825 928 925 mecumsinguii.
980 830 1054 896 imo
1085 850 1158 896 nuo
1221 867 1226 881 ι

173 954 295 1015 rurant,
319 925 375 1000 sed
400 927 552 999 ecclesiae
576 930 707 999 Christi.
759 932 966 1000 Pervenimus
989 925 1158 997 Witebers

174 1055 252 1128 gam
268 1031 455 1114 Dominica,
477 1050 576 1127 quam
598 1054 752 1100 vocamus
767 1025 988 1116 jucunditatis,
1014 1025 1069 1098 ubi
1092 1050 1156 1096 nos

174 1132 318 1227 primum
337 1126 416 1200 adiit
427 1130 591 1200 Dominus
613 1128 776 1226 Philippus
796 1134 946 1202 retractus
969 1152 1027 1225 per
1048 1125 1158 1197 literas

176 1248 217 1300 et
240 1233 354 1300 itinere
375 1226 415 1298 ad
436 1231 621 1299 Grimmam
647 1254 806 1326 pergens,
834 1232 900 1298 cui
916 1253 1041 1299 meus
1066 1230 1158 1323 qui-

175 1325 266 1399 dem
296 1349 333 1400 et
364 1329 498 1400 Meoii
524 1325 735 1401 adventus
767 1323 1030 1427 gratissimus
1062 1322 1156 1398 fuit.

141 1456 145 1469 “
175 1424 240 1499 Sed
263 1431 376 1499 Buceri
403 1448 432 1498 et
451 1425 599 1499 sodalitii
625 1424 851 1521 ejusaccessus
873 1455 944 1500 non
971 1423 1157 1498 admodum

69 1534 71 1538 ’
173 1549 282 1626 gratus
307 1523 373 1598 esse
393 1523 568 1618 videbatur,
593 1555 669 1601 curn
694 1527 783 1626 quod
806 1528 847 1599 de
862 1525 1046 1600 concordia
1061 1546 1155 1623 spem
1223 1552 1226 1557 ·

56 1708 60 1718 Ι
105 1662 127 1696 .·
174 1623 344 1720 abjecisset,
368 1646 437 1698 tum
461 1626 551 1726 quod
574 1627 741 1728 Epistoiae
756 1627 912 1726 Zosinglii
935 1652 966 1699 et
981 1627 1157 1698 oecolam-

173 1727 261 1826 padii
284 1723 341 1798 sub
363 1725 428 1799 hoc
444 1731 549 1825 ipsum
573 1749 751 1799 conventus
769 1734 1004 1831 hnjnstcmpus
1016 1729 1156 1826 prodiis-

173 1825 254 1914 sent,
281 1855 363 1926 quae
381 1834 544 1927 optimum
562 1833 743 1926 principem
759 1832 788 1901 et
805 1833 843 1901 1).
862 1832 1038 1909 [utiterum
1055 1833 1095 1899 ita
1117 1833 1157 1897 ir-

83 1957 85 1961 ·
176 1933 365 2014 timuerant,
403 1950 437 1999 ut
455 1930 537 1998 nihii
558 1934 665 1999 minus
685 1940 810 2026 sperare
836 1927 1020 2026 possemus,
1054 1954 1156 2027 <piram

200 2025 264 2097 uod
292 2026 468 2098 cuncordia
487 2033 572 2098 serio
593 2034 701 2126 quaeri
725 2051 779 2099 ant
794 2033 909 2127 optati,
935 2028 1065 2100 credere
1084 2057 1156 2126 pos·

137 2133 140 2139 ’
175 2055 254 2213 dent,
280 2147 332 2197 aut
348 2127 415 2198 ullo
432 2124 535 2198 modo
551 2133 680 2224 sperari.
732 2133 855 2200 Verum
878 2156 952 2200 cum
967 2132 1101 2201 Meuius
1125 2151 1157 2202 et
1182 2190 1185 2195 .

174 2254 240 2326 rgo
264 2223 520 2325 exposuissemus
544 2228 603 2312 iiii,
630 2255 715 2328 qnae
734 2254 764 2300 et
781 2232 911 2300 Gothus
934 2251 964 2301 et
989 2236 1022 2302 in
1040 2235 1156 2304 itincre

173 2323 414 2412 audivissemus
427 2331 574 2398 resumsit
589 2325 751 2426 Phiiippus
766 2333 926 2416 animum,
948 2353 978 2402 et
989 2359 1053 2402 nos
1071 2338 1166 2429 prio<

174 2453 228 2502 res
245 2425 330 2525 'pusfit
347 2430 522 2501 Lutherum
542 2425 705 2514 accedere,
725 2451 756 2500 et
776 2430 835 2515 iiii,
863 2457 945 2527 quae
966 2452 1033 2502 acta
1054 2430 1157 2505 essent

173 2527 368 2630 significare.
417 2530 549 2599 Retinet
561 2553 621 2599 nos
638 2527 676 2598 ad
700 2557 838 2600 coenam
860 2532 1029 2617 LutheruS,
1055 2554 1086 2603 ct
1107 2561 1158 2604 us·

175 2656 239 2730 que
260 2625 301 2701 ad
325 2623 467 2701 mediam
491 2649 625 2701 noctem
650 2627 691 2702 de
711 2657 822 2705 rerum
845 2634 971 2701 su'mma
994 2631 1157 2731 colloqui·
1195 2627 1197 2635 ’

125 2782 135 2791 -
174 2756 260 2814 mur,
293 2749 323 2800 et
340 2727 527 2815 edocemus,
556 2733 688 2828 quaein
708 2735 824 2801 itinere
847 2727 1075 2802 concessissent
1097 2760 1157 2804 no·

86 2909 90 2920 ,
174 2831 222 2902 bis
236 2822 475 2927 disputantibus.
523 2828 587 2900 Sed
603 2833 657 2900 uix
672 2830 881 2913 obtinuimus,
907 2850 941 2900 ut
957 2829 1103 2908 crederet
1115 2861 1156 2906 ex

174 2928 288 3002 animo
303 2930 385 3002 haec
399 2927 438 2999 ab
453 2927 514 3000 iilis
526 2925 610 3018 dicta
632 2925 781 3028 factaque
802 2924 885 3017 fuiss
901 2985 908 3000 .

271 3146 433 3216 Vicesima
449 3139 587 3215 secunda
602 3144 685 3237 Maji
703 3170 800 3216 mane
816 3148 898 3215 hora
914 3149 1061 3243 septima,
1071 3144 1158 3220 adie-

173 3264 249 3322 runt
263 3239 372 3316 solum
389 3244 462 3331 soli,
488 3248 624 3316 Bucerus
640 3263 671 3315 et
685 3248 818 3343 Capit0,
844 3243 900 3316 sed
916 3244 958 3316 de
979 3246 1094 3345 quibus
1108 3248 1170 3322 re-'

174 3345 287 3416 busin
311 3349 422 3443 primo
446 3338 628 3446 congressu
649 3339 869 3434 contulissent,
896 3350 938 3418 ex'
951 3351 1081 3437 actione
1093 3375 1157 3448 po·

154 3448 311 3544 *steriore
328 3442 449 3520 claruit.
1069 3454 1072 3458 ’
1157 3458 1160 3465 “

273 3659 340 3733 Sub
358 3662 475 3735 horam
493 3666 620 3734 tertiam
635 3681 710 3764 post
724 3658 897 3761 meridiem
917 3665 954 3734 in
970 3657 1101 3736 aedibus
1114 3665 1158 3743 D.

129 3834 134 3842 ,
173 3762 307 3834 Lutheri
324 3781 545 3834 convenerunt
559 3790 600 3834 ex
616 3786 725 3836 nostra
738 3783 826 3864 parte
846 3765 1016 3857 Lutherus,
1042 3769 1159 3840 Pome-

174 3887 283 3951 ranus,
307 3865 417 3949 Jonas,
442 3866 648 3962 Crucigerus,
673 3868 808 3938 Meuius
833 3883 864 3937 et
887 3889 965 3960 ego,
989 3858 1092 3937 adfuit
1113 3859 1159 3943 et·
1210 3899 1213 3903 ·

87 4056 94 4067 ἣ
175 3966 244 4039 ian
259 3956 427 4038 Wellerus
442 3977 474 4041 et
489 3958 649 4066 Magister
662 3967 826 4067 Georgius
844 3965 1030 4037 Diaconus:
1056 3991 1098 4041 ex
1112 3967 1158 4044 ai·
