2474 4552
127 400 329 491 „renuidem
346 409 583 491 convenissent,
607 411 847 481 concionatoris
863 413 947 484 vices
958 417 1102 488 sustinui.

121 509 186 591 „hs
217 509 372 575 Comitiis
394 509 491 574 etiam
511 506 840 603 Norimbergensibus
865 528 896 580 et
923 513 1100 588 Conventa

120 600 408 692 „Francofurteusi
443 629 579 702 operam
615 611 777 702 praestiri3
809 606 910 679 multa
936 611 982 682 ibi
1009 614 1099 685 utilia

120 708 281 802 „Spiritus
298 708 396 774 sancti
417 703 542 774 auxilio
558 700 737 775 dictasunt.
777 709 875 777 =Cum
892 708 1101 787 Melanctuo

118 831 186 893 „ne
212 802 323 875 omnia
335 807 597 906 communicavi,
622 809 751 901 ejusque
769 830 841 876 usus
854 832 925 881 sum
941 807 1099 884 informa·

119 911 256 993 „tione,
289 909 331 974 ita
352 923 387 972 ut
409 907 529 1001 sagittis
560 927 693 1011 quoque
721 909 802 975 meis
824 909 945 1002 pennas
964 929 1096 1007 aptaret.

118 1008 282 1091 „Mortuo
296 1005 551 1098 DuceGeorgio
567 1028 621 1072 me
634 1004 732 1073 irater
748 1009 812 1094 ejus
833 1013 991 1079 comitem
1008 1015 1097 1080 itine-

93 1161 98 1172 .
113 1131 213 1192 „rum
227 1129 362 1175 suorum
376 1128 437 1199 per
450 1106 604 1197 regiones
619 1105 796 1173 Saronicus
809 1103 848 1173 ab
866 1105 926 1176 illo
941 1113 1008 1200 jure
1024 1112 1097 1180 hae-

118 1203 292 1300 „reditario
314 1222 458 1300 acceptas
476 1203 537 1272 sibi
558 1197 715 1293 adjunxit,
740 1229 839 1300 quem
864 1206 983 1304 ubique
998 1213 1033 1298 in
1051 1233 1097 1280 sa·

185 1373 282 1442 contra
294 1384 462 1454 scripturam
476 1381 588 1446 dicerer,
606 1384 749 1453 corrigere
760 1384 848 1452 vellet,
860 1389 1040 1502 promittens,
1062 1407 1092 1443 se
1156 1382 1179 1451 ,¹

149 1481 153 1490 ¹
184 1454 354 1525 colloquium
373 1454 447 1505 inter
468 1470 513 1503 eos
529 1461 748 1522 procuraturum
763 1451 827 1505 ense.
861 1455 1011 1510 tlonaehus
1028 1476 1093 1512 vero

198 1541 282 1577 neces
301 1521 436 1585 Baronis,
452 1519 516 1572 licut
536 1518 636 1573 codem
658 1520 702 1574 die
721 1521 838 1584 iteratas,
856 1537 883 1576 ct
900 1529 1024 1594 sequenti
1047 1527 1092 1579 die

184 1545 309 1665 btyronii
331 1589 445 1642 nomine
464 1588 606 1659 repetitas,
630 1588 711 1657 plane
728 1605 773 1641 res
786 1592 850 1651 suit,
869 1591 981 1646 tarrdeur
1000 1609 1092 1647 runren

184 1659 325 1782 qprsnrisit,
341 1676 371 1709 sc
391 1658 417 1710 d.
432 1656 501 1708 XIX.
514 1652 660 1708 Februarii
679 1657 714 1708 ad
735 1659 900 1729 coloquium
921 1661 950 1712 in
968 1660 1091 1732 hospitio

211 1727 305 1781 aronis
317 1727 352 1777 iu·
363 1725 523 1795 timendum,
533 1733 678 1777 venturum
694 1722 755 1778 esso.
780 1723 927 1781 Promissis
941 1730 1022 1783 etiam
1033 1739 1090 1784 ste-

185 1801 228 1862 ιίι,
247 1811 329 1863 seque
342 1811 434 1844 coram
448 1793 511 1844 luco
528 1790 651 1862 horaque
664 1793 793 1847 ‹lestiuata
810 1794 944 1859 exbibui13
964 1815 1035 1860 cum,
1053 1799 1089 1852 ad

123 1894 131 1913 .
186 1863 400 1934 disputationem
415 1859 583 1924 audiendam,
599 1861 801 1931 ipseSauuniae
809 1863 941 1934 Princeps
957 1869 1089 1921 cuiusuis

190 1930 358 1993 consiliariis,
374 1929 504 2000 multique
516 1930 629 1999 insuper
643 1930 773 1983 Clirenais
789 1931 873 1985 Ducis
885 1933 965 1985 aulici
985 1951 1016 1986 ae
1032 1952 1088 1986 no.

188 2003 266 2062 biles,
281 2017 332 2051 nuc
345 2016 401 2055 non
413 1997 524 2069 plurimi
538 1997 636 2050 literati
650 2000 720 2053 circs
732 2017 764 2052 ac
776 1999 875 2082 plebeji
890 2000 1090 2064 convenissent,

185 2074 222 2126 ira
243 2079 274 2120 nt
294 2067 367 2119 sores
388 2067 657 2136 essentapcriendae.
691 2067 834 2140 Myconius
853 2069 963 2122 mitium
977 2068 1088 2123 dicendi

184 2140 258 2200 fucit,
273 2151 482 2207 sermonemque
495 2144 520 2208 et
532 2135 566 2188 ad
579 2135 743 2189 monachum
756 2137 829 2189 etad
853 2137 990 2190 auditores
1010 2138 1088 2192 dire-

183 2211 230 2271 xit,
247 2206 323 2258 illum
336 2205 467 2274 rogitans,
484 2218 515 2259 ut
529 2205 559 2255 in
574 2206 694 2259 veritatis
707 2202 830 2258 studium
843 2204 1023 2269 incumberet,
1034 2205 1086 2259 hos

181 2295 246 2332 vcro
260 2271 430 2348 ,adlmrtanm
443 2280 474 2325 ut
492 2281 610 2325 attentos
626 2291 656 2326 se
676 2273 856 2344 praeberent,
871 2290 1018 2328 monerent
1038 2293 1089 2342 ue,

181 2348 205 2400 si
220 2344 285 2415 quid
299 2342 385 2394 verbo
401 2341 494 2395 divino
509 2341 600 2394 minus
612 2343 777 2396 conueniens
792 2344 822 2395 in
833 2343 958 2397 medium
970 2293 1087 2414 proler-

125 2457 130 2469 .
178 2424 264 2468 retur.
297 2411 351 2463 tlte
372 2408 523 2462 monachus
547 2409 639 2463 statim
662 2411 783 2464 ostendit
798 2412 873 2478 cujus
888 2411 1002 2482 spiritus
1017 2409 1087 2465 essct

181 2485 269 2545 iilius}
290 2478 450 2531 contemtim
470 2475 544 2528 enim
557 2476 719 2546 Myconium
736 2487 854 2530 tractans
869 2477 1004 2533 inurbane.
1022 2496 1085 2532 eum

181 2547 369 2619 compellarit:
387 2545 526 2613 Hocrst
541 2543 584 2596 du
600 2545 622 2596 F
630 2546 714 2598 rita!
732 2546 911 2617 omniumque
932 2545 1087 2598 verborum

181 2623 239 2690 ejus
258 2632 365 2668 summa
387 2629 419 2665 eo
438 2611 531 2673 rediit,
544 2628 603 2662 non
621 2611 677 2665 esse
690 2629 784 2665 coram
802 2613 868 2665 viris
882 2610 1045 2665 militaribus
1060 2627 1087 2666 et

151 2711 155 2715 ’
177 2693 219 2744 im
231 2684 315 2738 ,critis
336 2670 472 2749 ejusmodi
490 2676 648 2731 huminibus
668 2679 703 2732 de
721 2679 861 2748 scriptura
880 2680 1085 2749 disputandum,

179 2707 236 2813 scd
249 2754 278 2805 in
299 2750 446 2803 doctorum
459 2747 620 2817 praesentia.
653 2745 819 2801 Provocam‘r
837 2745 901 2800 hinc
914 2746 1085 2818 Myconium.

152 2846 155 2852 ·
178 2821 327 2880 Coloniam
344 2826 375 2869 ut
394 2816 459 2877 iret,
474 2813 568 2885 ibique
586 2831 648 2868 rem
668 2835 747 2868 suam
765 2825 864 2884 ageret
897 2816 1000 2871 Noster
1014 2835 1081 2870 vero
1117 2834 1119 2840 ’

177 2906 318 2963 regei-ens,
336 2905 370 2941 ex*
387 2882 475 2936 verbo
498 2883 592 2936 divino
612 2884 744 2953 judicium
764 2904 823 2938 esse
837 2885 991 2950 serendum,
1008 2887 1081 2938 inter

178 2964 230 3016 alia
247 2959 281 3015 ad
296 2957 400 3009 dictum
413 2951 476 3005 Jolr.
490 2951 546 3018 ΧΠ,
567 2954 608 3006 48.
623 2955 792 3024 provocarit,
814 2953 850 3007 id.
883 2971 896 3007 e
909 2971 941 3007 ex
954 2958 1083 3008 versione

177 3028 292 3084 Lutberi
312 3025 389 3094 legit3
405 3020 453 3074 nbi
471 3019 619 3075 monachus
639 3023 736 3094 plenus
751 3022 794 3075 ira
809 3022 973 3085 cremavit,
990 3024 999 3074 i
1021 3041 1082 3076 smn

180 3098 321 3153 diabolum
334 3091 414 3160 hujus
427 3090 563 3143 versionis
582 3101 725 3144 auctorem
744 3090 807 3152 esse,
825 3091 984 3160 dictumque
998 3041 1081 3143 ibent.

170 3168 258 3233 .XVll,
275 3184 313 3219 ιο.
331 3160 452 3233 Myconii
472 3157 564 3213 verbis
584 3160 724 3230 opposuit,
734 3159 782 3212 ubi
803 3159 933 3226 judicium
955 3157 989 3211 de
1011 3175 1082 3210 con-

176 3233 319 3292 troversiis
333 3231 418 3284 sacris
430 3227 618 3281 sacerdotibus
633 3227 840 3281 concederetur.
871 3226 916 3278 Ad
936 3222 1082 3297 haecMy-
1136 3247 1149 3263 ³

179 3306 275 3359 conius
296 3297 494 3352 conferendum
515 3295 579 3361 usse,
598 3296 702 3368 inquit,
718 3295 886 3346 versiculum
905 3308 1082 3411 sequentem,

177 3374 226 3428 uhi
241 3385 341 3423 norma
355 3365 434 3433 huius
455 3364 549 3433 judieii
568 3365 705 3434 scriptura
725 3363 893 3415 nominetur.
926 3360 977 3412 I'is
996 3380 1081 3433 prae..

178 3440 266 3496 mistis
285 3437 319 3489 dc
339 3433 433 3488 decern
446 3432 575 3496 articulis,
593 3450 663 3500 quos
683 3428 853 3482 Corbacbius
874 3444 928 3499 pro
948 3433 1080 3485 concione

176 3513 370 3583 proposuerat,
386 3503 554 3573 disputatum
575 3511 616 3553 est
634 3499 770 3553 monacho
784 3497 821 3549 nil
841 3513 931 3568 prope
943 3499 995 3553 nisi
1010 3517 1081 3553 con.

176 3579 246 3632 vicia
258 3578 287 3628 in
299 3571 421 3626 medium
432 3569 600 3641 proferente,
616 3569 654 3620 ita
666 3581 697 3620 ut
713 3567 873 3638 Myconium
911 3584 975 3621 uam
988 3569 1080 3638 pluri-

175 3648 230 3702 mis
244 3640 359 3698 diabolis
373 3636 512 3693 obsessum
531 3636 737 3701 vociferarctur,
752 3637 829 3707 eique
848 3585 935 3690 modo
953 3633 1081 3708 conjugi-

174 3735 224 3770 um
238 3700 470 3784 objicere†‚'rnodo
484 3703 561 3776 <prod
575 3722 633 3756 non
645 3716 754 3758 vocatus
771 3704 890 3768 doceret,
903 3705 989 3759 modo
1004 3706 1080 3776 quod

92 3798 95 3805 ·
130 3811 133 3814 ’
174 3793 272 3838 auctor
293 3777 361 3832 esset
380 3776 551 3829 rusticorum
569 3772 710 3826 tumultus.
739 3774 789 3827 'Ad
816 3771 882 3825 hacc
904 3773 997 3827 omnia
1016 3776 1080 3827 satis

172 3858 313 3906 mansuete
326 3844 484 3902 fridericus
500 3849 598 3893 noster
612 3841 755 3912 respondit
774 3843 898 3913 magistri
919 3842 962 3894 sui
977 3838 1080 3894 ctu-tui

176 3919 328 3992 exemplum
342 3922 459 3972 εοειιιιιι.
489 3911 610 3966 Demum
624 3908 774 3965 monachus
787 3912 821 3965 ad
839 3918 959 3963 extrema
975 3906 1080 3977 perdiu

861 3980 888 4068 4
