2474 4552
115 517 117 520 Α
153 448 156 453 ’
208 453 211 456 “
256 433 294 500 in
309 426 369 498 alia
384 451 463 498 vero
479 442 567 523 parte
582 427 645 519 jam
668 448 795 522 semper
810 418 851 494 ad
870 449 931 496 nos
944 420 1142 500 accedendo'
1223 463 1229 476 ¹

157 529 210 602 uel
225 525 391 601 redeundo
405 522 554 596 fecissent
566 523 683 622 gradus
697 519 865 621 quosdam,
890 526 1034 596 Primum
1051 553 1129 598 con·

106 697 110 709 ,
134 703 135 707 ,
155 627 231 703 fesh
248 625 358 712 essent,
384 652 453 696 nou
474 621 539 694 esse
555 628 641 693 hnrrc
655 649 773 720 panem
789 632 847 721 per
860 623 971 695 omnia
987 626 1131 704 similem
1208 715 1211 721 .

103 774 105 781 ·
134 729 227 822 aliis
239 729 388 825 panibus,
413 723 445 818 ct'
458 729 567 795 vinum
584 721 662 792 illud
686 727 763 792 vino
789 728 973 810 communi,
991 723 1049 797 sed
1063 725 1130 802 esse

108 822 113 874 ἶ
155 828 404 928 fignificativunr
422 847 451 895 et
465 822 658 893 memoriale
680 823 821 892 absentis
846 828 994 921 corporis
1010 829 1130 903 Christi
1165 907 1172 915 ,

157 954 218 1002 etc.
266 923 395 996 Deinde
415 922 520 993 adhuc
537 927 670 1019 propius
690 918 905 1009 acceshssent,
930 911 1131 1023 corifirendo',
1199 926 1215 958 ⁶

157 1049 205 1103 est
219 1052 335 1123 corpus
350 1027 470 1097 Christi
487 1043 518 1092 et
535 1026 723 1119 cst'sarrguis
740 1024 877 1107 Christi,
901 1020 955 1094 sed
973 1028 1130 1122 spirituali

139 1127 282 1212 morlo,
307 1149 472 1222 praesens,
495 1119 526 1190 it
550 1141 611 1204 est,
632 1117 721 1193 sedet
740 1118 780 1191 ad
799 1119 947 1202 dextram
966 1126 1040 1214 Dei,
1067 1122 1128 1200 sed

155 1251 266 1302 tamen
286 1231 413 1323 spiritus
436 1221 657 1318 speculatione
677 1240 709 1291 et
733 1224 931 1319 cogitatione
955 1217 1129 1302 faciteam
1168 1256 1171 1260 ·

155 1344 357 1430 praesentem
370 1326 446 1393 huic
466 1325 540 1418 pani
556 1320 605 1390 vel
623 1324 711 1405 vino,
728 1325 823 1420 quasi
840 1325 865 1391 si
873 1325 1018 1395 Hectora
1032 1320 1128 1400 facias
1202 1319 1205 1324 ’

155 1435 356 1529 praesentem
379 1428 413 1494 in
436 1419 618 1514 tragoedia,
648 1424 682 1490 in
703 1447 847 1517 persona
867 1420 974 1522 aliqua
997 1431 1129 1526 tragica.
1154 1452 1160 1467 ’

153 1536 325 1601 Postremo
338 1546 446 1593 autem
465 1521 573 1589 adhoc-
593 1525 814 1618 propinquius,
839 1524 983 1620 (inquit)
1008 1524 1139 1604 accedi,

154 1619 411 1719 tisasseuerendo
426 1647 557 1693 rnecnnr
569 1619 727 1716 Coburgi,
737 1640 768 1697 et
782 1645 869 1693 nunc
888 1627 922 1693 in
938 1625 1128 1720 quibusdam

152 1730 242 1800 libris
265 1714 352 1794 idern
371 1718 514 1804 scribitis,
538 1724 625 1789 hunc
642 1743 760 1816 panem
786 1716 851 1794 esse
872 1746 988 1818 corpus
1001 1728 1129 1800 Christi

155 1851 281 1908 verum,
298 1814 656 1907 rra'tutele,suhstantiale
671 1838 729 1889 etc.
743 1840 838 1920 atque
853 1827 939 1891 sumi
956 1828 1052 1895 etiam
1068 1826 1128 1898 ore

157 1950 286 2006 eorum,
311 1923 422 2019 quihus
436 1916 583 2006 offertur,
608 1914 664 1989 sed
679 1937 787 1991 tamen
803 1925 856 2006 ita,
880 1924 905 1990 si
919 1926 981 1993 siut
994 1921 1126 2018 creden·

157 2046 204 2096 tes
222 2042 251 2094 et
265 2019 406 2117 discipuli
422 2023 550 2114 Christi.
604 2021 726 2089 Verum
747 2016 918 2091 incredulis
937 2027 962 2092 si
978 2020 1126 2114 offertur,

156 2151 227 2196 non
239 2141 282 2193 est
294 2124 356 2191 nisi
367 2124 455 2218 panis
470 2141 501 2191 et
515 2122 637 2204 vinum,
662 2142 757 2217 atque
776 2123 817 2191 ita
839 2141 884 2191 est
897 2148 1012 2220 corpus
1030 2128 1126 2198 Chri-

154 2228 193 2295 sti
209 2248 277 2292 non
292 2223 334 2290 'ex
349 2225 491 2317 potentia
505 2222 692 2288 intrimentis
708 2238 739 2289 et
758 2216 891 2292 dicentis
905 2224 1037 2313 Christi,
1066 2222 1124 2298 sed
1156 2270 1158 2275 ·

152 2326 256 2420 magis
280 2344 322 2390 ert
343 2325 456 2392 virtute
477 2339 603 2394 nostrae
625 2316 702 2388 lidei
725 2337 756 2389 et
785 2325 1010 2418 cogitationis,
1040 2331 1124 2423 quae

151 2421 259 2507 efficit,
285 2438 319 2490 ut
331 2423 487 2503 Christus,
510 2423 564 2514 qni
579 2437 624 2486 est
638 2415 677 2486 nd
691 2414 838 2514 dextram
858 2427 963 2517 patris,
989 2430 1028 2494 sit
1047 2424 1124 2495 froci
1167 2492 1172 2503 ,

149 2543 278 2597 nostrae
296 2544 460 2615 praesens,
485 2523 509 2585 si
535 2512 712 2586 credamus.
753 2522 877 2591 Verum
899 2527 924 2589 si
942 2548 1010 2591 noo
1024 2522 1124 2595 credi-
1151 2520 1155 2530 ¹

151 2613 234 2707 nius,
256 2627 325 2690 n'ou
342 2609 703 2713 potestesse-praesens,
727 2615 782 2685 sed
803 2612 848 2688 eit
871 2617 945 2704 illis,
976 2627 1031 2716 qni
1054 2651 1124 2694 non

150 2718 304 2803 credmn,
329 2725 459 2786 ¹tantum
483 2739 625 2793 vacuum
648 2717 800 2811 signent.-
839 2718 910 2802 Jam
932 2718 974 2787 ibi
994 2718 1123 2793 necesse

151 2841 207 2902 est,
231 2845 273 2888 ne
293 2815 356 2886 ullu
372 2811 578 2885 dubitationis
593 2832 645 2883 out
659 2818 854 2910 suspicionis
871 2823 1003 2891 materia
1026 2821 1123 2894 reliu-
1168 2898 1171 2906 ,

150 2941 263 3022 quator
276 2920 436 3013 utrinque,
461 2937 495 2984 nt
509 2911 672 3008 explicetis
686 2914 791 3001 nobis,
809 2941 870 2987 vos
886 2938 917 2988 ct
930 2918 1046 3018 reliqui
1065 2949 1124 2995 vo·

149 3024 270 3091 hiscum
286 3018 350 3086 hnc
365 3010 468 3089 tuisst:
493 3042 533 3085 rm
550 3013 590 3082 ex
605 3016 801 3085 institutione
822 3021 1011 3089 instituentis
1026 3025 1121 3091 Chri-

147 3126 188 3199 sti
203 3122 425 3215 hunc'panem‘
438 3132 469 3186 et
485 3116 553 3184 hoc
568 3117 677 3183 vinum
692 3110 757 3184 etih
771 3141 886 3212 corpus
900 3117 980 3187 illud
990 3124 1121 3206 Christi,
1145 3178 1148 3183 .

148 3223 301 3302 statuatis,
330 3212 420 3313 quod
442 3211 592 3285 traditum
609 3231 654 3283 est
667 3240 728 3310 pro
744 3215 850 3299 nobis,
877 3239 907 3286 et
927 3226 1119 3316 sangninem

144 3317 255 3403 illum,
279 3320 333 3413 qui
348 3339 408 3411 pro
423 3308 619 3384 nobisfusus
638 3334 694 3396 est,
719 3318 785 3383 sive
811 3320 956 3386 minister·
978 3315 1120 3394 offerens
1224 3330 1226 3335 ’

102 3463 110 3475 -
145 3436 201 3489 aut
215 3411 369 3486 accedens
382 3438 509 3483 sumens
528 3408 647 3509 'dignus
660 3417 717 3497 sit,
742 3417 808 3483 sive
827 3413 988 3512 indignus.
1037 3424 1120 3523 Qia
1141 3488 1142 3499 ,

142 3512 370 3613 Evangelistae
384 3513 486 3584 verbis
498 3509 578 3582 illis:
600 3515 623 3582 h
636 3536 683 3583 oc
709 3531 776 3581 est*
790 3538 835 3583 co
846 3539 938 3610 rpus
954 3506 1001 3588 ¹nr
1011 3543 1027 3588 e
1038 3540 1117 3614 um3

146 3635 180 3688 et
210 3619 281 3690 hic
314 3612 423 3684 calix
457 3622 518 3682 eit
551 3613 719 3709 sanguis
751 3616 850 3682 novi
878 3627 1118 3692 testamenti
1175 3630 1176 3634 ’

145 3735 204 3787 etc.
230 3731 401 3804 testantur,
422 3714 587 3782 Christum
609 3708 826 3807 praeposuisse
847 3714 995 3786 voculam
1017 3720 1117 3805 illam,
1164 3772 1166 3776 »

136 3808 265 3886 diceus.
314 3818 368 3884 An
384 3838 465 3910 ergo
480 3833 592 3882 verunt
609 3828 664 3895 est,
696 3809 786 3907 quod
804 3809 891 3907 dicit,
917 3843 957 3884 arr
979 3813 1142 3890 falsnnri'
1172 3896 1174 3901 ,

130 3910 414 3997 1Αηῖιιιιέἰκπιιιιῑ
429 3912 477 4003 lit,
496 3904 626 4013 quando
643 3909 822 3985 credimus?
844 3917 1117 4015 oportebitetistm
1153 3996 1155 4000 Α
