<?xml version="1.0" encoding="UTF-8"?>
<!DOCTYPE html PUBLIC "-//W3C//DTD XHTML 1.0 Transitional//EN"
    "http://www.w3.org/TR/xhtml1/DTD/xhtml1-transitional.dtd">
<html xmlns="http://www.w3.org/1999/xhtml" xml:lang="en" lang="en">
 <head>
  <title>
</title>
<meta http-equiv="Content-Type" content="text/html;charset=utf-8" />
  <meta name='ocr-system' content='tesseract 3.04.00' />
  <meta name='ocr-capabilities' content='ocr_page ocr_carea ocr_par ocr_line ocrx_word'/>
</head>
<body>
  <div class='ocr_page' id='page_1' title='image "./narratiodefride00lommgoog_0040.png"; bbox 0 0 2474 4552; ppageno 0'>
   <div class='ocr_carea' id='block_1_1' title="bbox 1012 234 1019 271">
    <p class='ocr_par' dir='ltr' id='par_1_1' title="bbox 1012 234 1019 271">
     <span class='ocr_line' id='line_1_1' title="bbox 1012 234 1019 271; baseline 0 0"><span class='ocrx_word' id='word_1_1' title='bbox 1012 234 1019 271; x_wconf 86' lang='lat' dir='ltr'>l</span> 
     </span>
    </p>
   </div>
   <div class='ocr_carea' id='block_1_2' title="bbox 1032 344 1215 419">
    <p class='ocr_par' dir='ltr' id='par_1_2' title="bbox 1032 344 1215 419">
     <span class='ocr_line' id='line_1_2' title="bbox 1032 344 1215 419; baseline 0.022 -4"><span class='ocrx_word' id='word_1_2' title='bbox 1032 344 1128 419; x_wconf 84' lang='grc'>’.19</span> <span class='ocrx_word' id='word_1_3' title='bbox 1210 394 1215 401; x_wconf 84' lang='lat'><strong>·</strong></span> 
     </span>
    </p>
   </div>
   <div class='ocr_carea' id='block_1_3' title="bbox 64 464 1223 3947">
    <p class='ocr_par' dir='ltr' id='par_1_3' title="bbox 64 464 1223 3947">
     <span class='ocr_line' id='line_1_3' title="bbox 143 464 1129 564; baseline 0.004 -26"><span class='ocrx_word' id='word_1_4' title='bbox 143 494 246 554; x_wconf 84' lang='lat' dir='ltr'>‚‚em‚</span> <span class='ocrx_word' id='word_1_5' title='bbox 266 471 437 537; x_wconf 82' lang='lat' dir='ltr'>comitatus</span> <span class='ocrx_word' id='word_1_6' title='bbox 461 482 669 561; x_wconf 84' lang='lat' dir='ltr'>praeceptore</span> <span class='ocrx_word' id='word_1_7' title='bbox 685 464 947 564; x_wconf 80' lang='lat' dir='ltr'>menetaliquot</span> <span class='ocrx_word' id='word_1_8' title='bbox 968 466 1129 557; x_wconf 49' lang='lat' dir='ltr'>condiscir</span> 
     </span>
     <span class='ocr_line' id='line_1_4' title="bbox 141 561 1125 668; baseline 0.004 -31"><span class='ocrx_word' id='word_1_9' title='bbox 141 565 251 666; x_wconf 77' lang='lat' dir='ltr'>„pulis</span> <span class='ocrx_word' id='word_1_10' title='bbox 293 570 403 647; x_wconf 82' lang='lat' dir='ltr'>aucis,</span> <span class='ocrx_word' id='word_1_11' title='bbox 430 582 460 634; x_wconf 90' lang='lat' dir='ltr'>et</span> <span class='ocrx_word' id='word_1_12' title='bbox 487 561 837 660; x_wconf 84' lang='lat' dir='ltr'>aliquotdevorislimis</span> <span class='ocrx_word' id='word_1_13' title='bbox 855 572 1030 655; x_wconf 87' lang='lat' dir='ltr'>matronis,</span> <span class='ocrx_word' id='word_1_14' title='bbox 1055 576 1125 668; x_wconf 90' lang='lat' dir='ltr'>qui·</span> 
     </span>
     <span class='ocr_line' id='line_1_5' title="bbox 133 590 1124 762; baseline 0.004 -27"><span class='ocrx_word' id='word_1_15' title='bbox 133 667 228 753; x_wconf 73' lang='lat' dir='ltr'>·„bu&#39;s</span> <span class='ocrx_word' id='word_1_16' title='bbox 241 590 426 760; x_wconf 72' lang='lat' dir='ltr'>adportans</span> <span class='ocrx_word' id='word_1_17' title='bbox 443 659 510 732; x_wconf 86' lang='lat' dir='ltr'>dixi</span> <span class='ocrx_word' id='word_1_18' title='bbox 524 687 641 746; x_wconf 78' lang='lat' dir='ltr'>causas,</span> <span class='ocrx_word' id='word_1_19' title='bbox 658 689 714 732; x_wconf 89' lang='lat' dir='ltr'>cur</span> <span class='ocrx_word' id='word_1_20' title='bbox 734 663 920 762; x_wconf 83' lang='lat' dir='ltr'>ingrederer</span> <span class='ocrx_word' id='word_1_21' title='bbox 935 662 1124 741; x_wconf 78' lang='lat' dir='ltr'>rnonasteri·</span> 
     </span>
     <span class='ocr_line' id='line_1_6' title="bbox 144 756 1122 863; baseline 0.004 -28"><span class='ocrx_word' id='word_1_22' title='bbox 144 789 244 850; x_wconf 80' lang='lat' dir='ltr'>„um,</span> <span class='ocrx_word' id='word_1_23' title='bbox 269 761 420 834; x_wconf 85' lang='lat' dir='ltr'>videlicet</span> <span class='ocrx_word' id='word_1_24' title='bbox 442 782 477 832; x_wconf 92' lang='lat' dir='ltr'>ut</span> <span class='ocrx_word' id='word_1_25' title='bbox 498 756 651 863; x_wconf 79' lang='lat' dir='ltr'>servirem</span> <span class='ocrx_word' id='word_1_26' title='bbox 673 763 748 833; x_wconf 88' lang='lat' dir='ltr'>Deo</span> <span class='ocrx_word' id='word_1_27' title='bbox 775 785 808 834; x_wconf 90' lang='lat' dir='ltr'>et</span> <span class='ocrx_word' id='word_1_28' title='bbox 828 763 876 835; x_wconf 90' lang='lat' dir='ltr'>illi</span> <span class='ocrx_word' id='word_1_29' title='bbox 897 769 931 835; x_wconf 92' lang='lat' dir='ltr'>in</span> <span class='ocrx_word' id='word_1_30' title='bbox 953 787 1122 851; x_wconf 86' lang='lat' dir='ltr'>aeternum</span> 
     </span>
     <span class='ocr_line' id='line_1_7' title="bbox 142 855 1123 963; baseline 0.005 -29"><span class='ocrx_word' id='word_1_31' title='bbox 142 866 341 963; x_wconf 74' lang='lat' dir='ltr'>„placerem</span> <span class='ocrx_word' id='word_1_32' title='bbox 366 881 399 933; x_wconf 92' lang='lat' dir='ltr'>et</span> <span class='ocrx_word' id='word_1_33' title='bbox 414 879 570 958; x_wconf 86' lang='lat' dir='ltr'>quantum</span> <span class='ocrx_word' id='word_1_34' title='bbox 587 855 715 959; x_wconf 88' lang='lat' dir='ltr'>possem</span> <span class='ocrx_word' id='word_1_35' title='bbox 736 863 929 935; x_wconf 78' lang='lat' dir='ltr'>abstinerem</span> <span class='ocrx_word' id='word_1_36' title='bbox 954 873 1123 963; x_wconf 80' lang='lat' dir='ltr'>apeccatis</span> 
     </span>
     <span class='ocr_line' id='line_1_8' title="bbox 141 959 1208 1060; baseline 0.006 -26"><span class='ocrx_word' id='word_1_37' title='bbox 141 963 320 1051; x_wconf 76' lang='lat' dir='ltr'>„omnibus</span> <span class='ocrx_word' id='word_1_38' title='bbox 335 989 373 1031; x_wconf 87' lang='lat' dir='ltr'>ac</span> <span class='ocrx_word' id='word_1_39' title='bbox 391 965 535 1060; x_wconf 73' lang='lat' dir='ltr'>virerent</span> <span class='ocrx_word' id='word_1_40' title='bbox 552 965 588 1030; x_wconf 90' lang='lat' dir='ltr'>in</span> <span class='ocrx_word' id='word_1_41' title='bbox 599 965 809 1056; x_wconf 84' lang='lat' dir='ltr'>poenitentia.</span> <span class='ocrx_word' id='word_1_42' title='bbox 857 959 985 1035; x_wconf 85' lang='lat' dir='ltr'>Deinde</span> <span class='ocrx_word' id='word_1_43' title='bbox 1000 962 1068 1038; x_wconf 83' lang='lat' dir='ltr'>dixi</span> <span class='ocrx_word' id='word_1_44' title='bbox 1084 967 1123 1039; x_wconf 91' lang='lat' dir='ltr'>il·</span> <span class='ocrx_word' id='word_1_45' title='bbox 1187 1014 1208 1047; x_wconf 76' lang='lat'>.-</span> 
     </span>
     <span class='ocr_line' id='line_1_9' title="bbox 142 1059 1122 1158; baseline 0.003 -25"><span class='ocrx_word' id='word_1_46' title='bbox 142 1063 206 1151; x_wconf 77' lang='lat' dir='ltr'>„tis</span> <span class='ocrx_word' id='word_1_47' title='bbox 222 1059 312 1146; x_wconf 80' lang='lat' dir='ltr'>vale,</span> <span class='ocrx_word' id='word_1_48' title='bbox 337 1065 392 1158; x_wconf 92' lang='lat' dir='ltr'>qui</span> <span class='ocrx_word' id='word_1_49' title='bbox 414 1084 531 1131; x_wconf 88' lang='lat' dir='ltr'>omnes</span> <span class='ocrx_word' id='word_1_50' title='bbox 551 1085 626 1130; x_wconf 88' lang='lat' dir='ltr'>cum</span> <span class='ocrx_word' id='word_1_51' title='bbox 648 1059 802 1152; x_wconf 81' lang='lat' dir='ltr'>lacrymis</span> <span class='ocrx_word' id='word_1_52' title='bbox 820 1064 904 1132; x_wconf 90' lang='lat' dir='ltr'>mihi</span> <span class='ocrx_word' id='word_1_53' title='bbox 926 1060 1122 1149; x_wconf 84' lang='lat' dir='ltr'>benedictio-</span> 
     </span>
     <span class='ocr_line' id='line_1_10' title="bbox 103 1154 1123 1260; baseline 0.004 -27"><span class='ocrx_word' id='word_1_54' title='bbox 103 1194 108 1215; x_wconf 40' lang='grc' dir='ltr'><strong>κ</strong></span> <span class='ocrx_word' id='word_1_55' title='bbox 142 1166 251 1250; x_wconf 78' lang='lat' dir='ltr'>„nem</span> <span class='ocrx_word' id='word_1_56' title='bbox 286 1159 421 1245; x_wconf 90' lang='lat' dir='ltr'>domini</span> <span class='ocrx_word' id='word_1_57' title='bbox 443 1158 679 1258; x_wconf 75' lang='lat' dir='ltr'>precabantur,</span> <span class='ocrx_word' id='word_1_58' title='bbox 720 1154 865 1258; x_wconf 89' lang='lat' dir='ltr'>sicque</span> <span class='ocrx_word' id='word_1_59' title='bbox 899 1156 1123 1260; x_wconf 76' lang='lat' dir='ltr'>ingredior</span> 
     </span>
     <span class='ocr_line' id='line_1_11' title="bbox 119 1258 1121 1359; baseline 0.002 -26"><span class='ocrx_word' id='word_1_60' title='bbox 119 1263 485 1350; x_wconf 84' lang='lat' dir='ltr'>&#39;„·monasterium.</span> <span class='ocrx_word' id='word_1_61' title='bbox 534 1259 594 1329; x_wconf 90' lang='lat' dir='ltr'>Tu</span> <span class='ocrx_word' id='word_1_62' title='bbox 616 1259 764 1330; x_wconf 82' lang='lat' dir='ltr'>Domine</span> <span class='ocrx_word' id='word_1_63' title='bbox 785 1264 894 1346; x_wconf 89' lang='lat' dir='ltr'>nosti,</span> <span class='ocrx_word' id='word_1_64' title='bbox 926 1259 1017 1359; x_wconf 92' lang='lat' dir='ltr'>quod</span> <span class='ocrx_word' id='word_1_65' title='bbox 1040 1258 1121 1348; x_wconf 72' lang='lat' dir='ltr'>haee</span> 
     </span>
     <span class='ocr_line' id='line_1_12' title="bbox 141 1353 1123 1458; baseline 0.002 -25"><span class='ocrx_word' id='word_1_66' title='bbox 141 1387 239 1449; x_wconf 84' lang='lat' dir='ltr'>„veta</span> <span class='ocrx_word' id='word_1_67' title='bbox 255 1353 337 1444; x_wconf 78' lang='lat' dir='ltr'>sunt,</span> <span class='ocrx_word' id='word_1_68' title='bbox 353 1372 460 1456; x_wconf 85' lang='lat' dir='ltr'>neque</span> <span class='ocrx_word' id='word_1_69' title='bbox 473 1362 579 1430; x_wconf 88' lang='lat' dir='ltr'>otium</span> <span class='ocrx_word' id='word_1_70' title='bbox 593 1358 801 1454; x_wconf 82' lang='lat' dir='ltr'>quaerebam,</span> <span class='ocrx_word' id='word_1_71' title='bbox 824 1384 932 1458; x_wconf 86' lang='lat' dir='ltr'>neque</span> <span class='ocrx_word' id='word_1_72' title='bbox 946 1368 1048 1433; x_wconf 87' lang='lat' dir='ltr'>ventri</span> <span class='ocrx_word' id='word_1_73' title='bbox 1061 1357 1123 1435; x_wconf 88' lang='lat' dir='ltr'>ser·</span> 
     </span>
     <span class='ocr_line' id='line_1_13' title="bbox 125 1447 1123 1558; baseline 0 -26"><span class='ocrx_word' id='word_1_74' title='bbox 125 1465 233 1547; x_wconf 64' lang='lat' dir='ltr'>‘„vire</span> <span class='ocrx_word' id='word_1_75' title='bbox 255 1459 387 1551; x_wconf 61' lang='lat' dir='ltr'>(volui.)</span> <span class='ocrx_word' id='word_1_76' title='bbox 412 1482 520 1555; x_wconf 89' lang='lat' dir='ltr'>neque</span> <span class='ocrx_word' id='word_1_77' title='bbox 542 1447 661 1528; x_wconf 69' lang='lat' dir='ltr'>florire</span> <span class='ocrx_word' id='word_1_78' title='bbox 684 1451 788 1555; x_wconf 89' lang='lat' dir='ltr'>specie</span> <span class='ocrx_word' id='word_1_79' title='bbox 810 1458 916 1558; x_wconf 88' lang='lat' dir='ltr'>aliqua</span> <span class='ocrx_word' id='word_1_80' title='bbox 940 1455 1123 1550; x_wconf 84' lang='lat' dir='ltr'>sanctitatis,</span> 
     </span>
     <span class='ocr_line' id='line_1_14' title="bbox 126 1550 1122 1655; baseline 0.003 -24"><span class='ocrx_word' id='word_1_81' title='bbox 126 1557 221 1648; x_wconf 41' lang='lat' dir='ltr'>„sed</span> <span class='ocrx_word' id='word_1_82' title='bbox 243 1559 301 1629; x_wconf 88' lang='lat' dir='ltr'>tibi</span> <span class='ocrx_word' id='word_1_83' title='bbox 318 1550 457 1655; x_wconf 64' lang='lat' dir='ltr'>placite,</span> <span class='ocrx_word' id='word_1_84' title='bbox 480 1556 538 1626; x_wconf 92' lang='lat' dir='ltr'>tibi</span> <span class='ocrx_word' id='word_1_85' title='bbox 555 1552 682 1638; x_wconf 80' lang='lat' dir='ltr'>servire,</span> <span class='ocrx_word' id='word_1_86' title='bbox 711 1554 754 1626; x_wconf 84' lang='lat' dir='ltr'>fic</span> <span class='ocrx_word' id='word_1_87' title='bbox 770 1556 962 1655; x_wconf 87' lang='lat' dir='ltr'>palpitabam</span> <span class='ocrx_word' id='word_1_88' title='bbox 977 1565 1013 1632; x_wconf 91' lang='lat' dir='ltr'>in</span> <span class='ocrx_word' id='word_1_89' title='bbox 1035 1579 1122 1634; x_wconf 84' lang='lat' dir='ltr'>tene·</span> 
     </span>
     <span class='ocr_line' id='line_1_15' title="bbox 73 1654 1122 1746; baseline 0.005 -19"><span class='ocrx_word' id='word_1_90' title='bbox 73 1722 77 1727; x_wconf 87' lang='lat'><em>.</em></span> <span class='ocrx_word' id='word_1_91' title='bbox 142 1661 227 1746; x_wconf 83' lang='lat' dir='ltr'>„bris</span> <span class='ocrx_word' id='word_1_92' title='bbox 241 1654 445 1727; x_wconf 84' lang='lat' dir='ltr'>densisfimis.</span> <span class='ocrx_word' id='word_1_93' title='bbox 482 1659 593 1726; x_wconf 81' lang='lat' dir='ltr'>Primo</span> <span class='ocrx_word' id='word_1_94' title='bbox 607 1661 760 1726; x_wconf 87' lang='lat' dir='ltr'>monachi</span> <span class='ocrx_word' id='word_1_95' title='bbox 778 1683 831 1727; x_wconf 89' lang='lat' dir='ltr'>me</span> <span class='ocrx_word' id='word_1_96' title='bbox 847 1655 1004 1743; x_wconf 79' lang='lat' dir='ltr'>ducebant</span> <span class='ocrx_word' id='word_1_97' title='bbox 1017 1658 1057 1731; x_wconf 91' lang='lat' dir='ltr'>ad</span> <span class='ocrx_word' id='word_1_98' title='bbox 1072 1687 1122 1733; x_wconf 87' lang='lat' dir='ltr'>re·</span> 
     </span>
     <span class='ocr_line' id='line_1_16' title="bbox 142 1753 1121 1858; baseline 0.004 -30"><span class='ocrx_word' id='word_1_99' title='bbox 142 1755 339 1844; x_wconf 78' lang='lat' dir='ltr'>„lectorium</span> <span class='ocrx_word' id='word_1_100' title='bbox 371 1755 484 1826; x_wconf 88' lang='lat' dir='ltr'>doue&#39;c·</span> <span class='ocrx_word' id='word_1_101' title='bbox 503 1781 634 1852; x_wconf 89' lang='lat' dir='ltr'>vespere</span> <span class='ocrx_word' id='word_1_102' title='bbox 664 1756 803 1852; x_wconf 89' lang='lat' dir='ltr'>pulsibus</span> <span class='ocrx_word' id='word_1_103' title='bbox 831 1753 959 1829; x_wconf 79' lang='lat' dir='ltr'>daretur</span> <span class='ocrx_word' id='word_1_104' title='bbox 980 1756 1121 1858; x_wconf 81' lang='lat' dir='ltr'>lignum.</span> 
     </span>
     <span class='ocr_line' id='line_1_17' title="bbox 143 1851 1121 1959; baseline 0.007 -34"><span class='ocrx_word' id='word_1_105' title='bbox 143 1852 293 1943; x_wconf 77' lang='lat' dir='ltr'>„Deinde</span> <span class='ocrx_word' id='word_1_106' title='bbox 305 1853 486 1928; x_wconf 86' lang='lat' dir='ltr'>deducebar</span> <span class='ocrx_word' id='word_1_107' title='bbox 505 1853 544 1924; x_wconf 91' lang='lat' dir='ltr'>ad</span> <span class='ocrx_word' id='word_1_108' title='bbox 561 1859 699 1926; x_wconf 87' lang='lat' dir='ltr'>chorum</span> <span class='ocrx_word' id='word_1_109' title='bbox 714 1852 796 1926; x_wconf 89' lang='lat' dir='ltr'>etad</span> <span class='ocrx_word' id='word_1_110' title='bbox 808 1851 1036 1953; x_wconf 82' lang='lat' dir='ltr'>psalmodiam,</span> <span class='ocrx_word' id='word_1_111' title='bbox 1061 1885 1121 1959; x_wconf 92' lang='lat' dir='ltr'>po·</span> 
     </span>
     <span class='ocr_line' id='line_1_18' title="bbox 144 1952 1120 2054; baseline 0.004 -27"><span class='ocrx_word' id='word_1_112' title='bbox 144 1975 232 2043; x_wconf 64' lang='lat' dir='ltr'>‚ntea</span> <span class='ocrx_word' id='word_1_113' title='bbox 248 1955 287 2024; x_wconf 92' lang='lat' dir='ltr'>ad</span> <span class='ocrx_word' id='word_1_114' title='bbox 302 1955 417 2026; x_wconf 90' lang='lat' dir='ltr'>cellam</span> <span class='ocrx_word' id='word_1_115' title='bbox 434 1952 595 2051; x_wconf 87' lang='lat' dir='ltr'>quandam</span> <span class='ocrx_word' id='word_1_116' title='bbox 616 1981 748 2039; x_wconf 82' lang='lat' dir='ltr'>novam,</span> <span class='ocrx_word' id='word_1_117' title='bbox 774 1961 808 2026; x_wconf 89' lang='lat' dir='ltr'>in</span> <span class='ocrx_word' id='word_1_118' title='bbox 831 1983 893 2054; x_wconf 86' lang='lat' dir='ltr'>qua</span> <span class='ocrx_word' id='word_1_119' title='bbox 913 1978 1045 2030; x_wconf 87' lang='lat' dir='ltr'>stratum</span> <span class='ocrx_word' id='word_1_120' title='bbox 1060 1986 1120 2031; x_wconf 88' lang='lat' dir='ltr'>uo·</span> 
     </span>
     <span class='ocr_line' id='line_1_19' title="bbox 141 2042 1165 2155; baseline 0.004 -29"><span class='ocrx_word' id='word_1_121' title='bbox 141 2082 241 2142; x_wconf 80' lang='lat' dir='ltr'>„vum</span> <span class='ocrx_word' id='word_1_122' title='bbox 259 2075 324 2125; x_wconf 89' lang='lat' dir='ltr'>erat</span> <span class='ocrx_word' id='word_1_123' title='bbox 340 2053 381 2123; x_wconf 89' lang='lat' dir='ltr'>de</span> <span class='ocrx_word' id='word_1_124' title='bbox 396 2057 598 2124; x_wconf 83' lang='lat' dir='ltr'>straminibus</span> <span class='ocrx_word' id='word_1_125' title='bbox 615 2076 647 2125; x_wconf 87' lang='lat' dir='ltr'>ct</span> <span class='ocrx_word' id='word_1_126' title='bbox 660 2054 802 2152; x_wconf 91' lang='lat' dir='ltr'>pulvillis</span> <span class='ocrx_word' id='word_1_127' title='bbox 819 2082 861 2126; x_wconf 87' lang='lat' dir='ltr'>ex</span> <span class='ocrx_word' id='word_1_128' title='bbox 875 2056 1028 2128; x_wconf 85' lang='lat' dir='ltr'>abrasuris</span> <span class='ocrx_word' id='word_1_129' title='bbox 1043 2083 1120 2155; x_wconf 86' lang='lat' dir='ltr'>pan·</span> <span class='ocrx_word' id='word_1_130' title='bbox 1155 2042 1165 2107; x_wconf 83' lang='lat'>‘.</span> 
     </span>
     <span class='ocr_line' id='line_1_20' title="bbox 138 2153 1213 2251; baseline 0.004 -25"><span class='ocrx_word' id='word_1_131' title='bbox 138 2181 281 2241; x_wconf 83' lang='lat' dir='ltr'>„norum</span> <span class='ocrx_word' id='word_1_132' title='bbox 296 2155 476 2225; x_wconf 84' lang='lat' dir='ltr'>laneorum.</span> <span class='ocrx_word' id='word_1_133' title='bbox 501 2187 508 2209; x_wconf 77' lang='lat'>=</span> <span class='ocrx_word' id='word_1_134' title='bbox 529 2157 604 2224; x_wconf 81' lang='lat' dir='ltr'>Post</span> <span class='ocrx_word' id='word_1_135' title='bbox 616 2178 755 2224; x_wconf 85' lang='lat' dir='ltr'>coenam</span> <span class='ocrx_word' id='word_1_136' title='bbox 776 2159 895 2227; x_wconf 90' lang='lat' dir='ltr'>iterum</span> <span class='ocrx_word' id='word_1_137' title='bbox 912 2181 953 2228; x_wconf 89' lang='lat' dir='ltr'>eo</span> <span class='ocrx_word' id='word_1_138' title='bbox 969 2153 1119 2251; x_wconf 74' lang='lat' dir='ltr'>reducor,</span> <span class='ocrx_word' id='word_1_139' title='bbox 1210 2198 1213 2203; x_wconf 76' lang='lat'><em>,</em></span> 
     </span>
     <span class='ocr_line' id='line_1_21' title="bbox 78 2251 1119 2354; baseline 0.003 -28"><span class='ocrx_word' id='word_1_140' title='bbox 78 2322 82 2333; x_wconf 88' lang='grc'><em>,</em></span> <span class='ocrx_word' id='word_1_141' title='bbox 137 2277 193 2341; x_wconf 83' lang='lat' dir='ltr'>„et</span> <span class='ocrx_word' id='word_1_142' title='bbox 206 2274 241 2326; x_wconf 88' lang='lat' dir='ltr'>ut</span> <span class='ocrx_word' id='word_1_143' title='bbox 257 2258 288 2323; x_wconf 88' lang='lat' dir='ltr'>in</span> <span class='ocrx_word' id='word_1_144' title='bbox 306 2254 438 2324; x_wconf 80' lang='lat' dir='ltr'>&#39;vestibus</span> <span class='ocrx_word' id='word_1_145' title='bbox 451 2251 634 2325; x_wconf 85' lang='lat' dir='ltr'>dormirem</span> <span class='ocrx_word' id='word_1_146' title='bbox 649 2253 894 2353; x_wconf 81' lang='lat' dir='ltr'>praecipiebant.</span> <span class='ocrx_word' id='word_1_147' title='bbox 941 2255 1018 2354; x_wconf 86' lang='lat' dir='ltr'>Ego</span> <span class='ocrx_word' id='word_1_148' title='bbox 1028 2255 1119 2345; x_wconf 73' lang='lat' dir='ltr'>veto,</span> 
     </span>
     <span class='ocr_line' id='line_1_22' title="bbox 135 2350 1119 2453; baseline 0.004 -29"><span class='ocrx_word' id='word_1_149' title='bbox 135 2359 214 2453; x_wconf 83' lang='lat' dir='ltr'>„qui</span> <span class='ocrx_word' id='word_1_150' title='bbox 231 2380 284 2423; x_wconf 85' lang='lat' dir='ltr'>ure</span> <span class='ocrx_word' id='word_1_151' title='bbox 294 2350 433 2424; x_wconf 84' lang='lat' dir='ltr'>servituti</span> <span class='ocrx_word' id='word_1_152' title='bbox 448 2371 532 2443; x_wconf 81' lang='lat' dir='ltr'>tuae,</span> <span class='ocrx_word' id='word_1_153' title='bbox 542 2354 688 2424; x_wconf 89' lang='lat' dir='ltr'>Domine</span> <span class='ocrx_word' id='word_1_154' title='bbox 696 2356 794 2428; x_wconf 75' lang='lat' dir='ltr'>Deus,</span> <span class='ocrx_word' id='word_1_155' title='bbox 811 2350 1048 2447; x_wconf 73' lang='lat' dir='ltr'>dedicaveram</span> <span class='ocrx_word' id='word_1_156' title='bbox 1063 2360 1119 2447; x_wconf 80' lang='lat' dir='ltr'>eti·</span> 
     </span>
     <span class='ocr_line' id='line_1_23' title="bbox 134 2447 1117 2552; baseline 0.004 -27"><span class='ocrx_word' id='word_1_157' title='bbox 134 2470 212 2542; x_wconf 62' lang='lat' dir='ltr'>„am</span> <span class='ocrx_word' id='word_1_158' title='bbox 231 2453 381 2525; x_wconf 88' lang='lat' dir='ltr'>volebam</span> <span class='ocrx_word' id='word_1_159' title='bbox 404 2458 439 2523; x_wconf 91' lang='lat' dir='ltr'>in</span> <span class='ocrx_word' id='word_1_160' title='bbox 456 2450 543 2522; x_wconf 92' lang='lat' dir='ltr'>nuda</span> <span class='ocrx_word' id='word_1_161' title='bbox 561 2457 668 2523; x_wconf 89' lang='lat' dir='ltr'>humo</span> <span class='ocrx_word' id='word_1_162' title='bbox 682 2472 714 2524; x_wconf 92' lang='lat' dir='ltr'>et</span> <span class='ocrx_word' id='word_1_163' title='bbox 730 2447 824 2549; x_wconf 85' lang='lat' dir='ltr'>super</span> <span class='ocrx_word' id='word_1_164' title='bbox 838 2451 946 2552; x_wconf 89' lang='lat' dir='ltr'>lapide</span> <span class='ocrx_word' id='word_1_165' title='bbox 962 2451 1117 2545; x_wconf 82' lang='lat' dir='ltr'>dormire.</span> 
     </span>
     <span class='ocr_line' id='line_1_24' title="bbox 134 2547 1119 2649; baseline 0 -23"><span class='ocrx_word' id='word_1_166' title='bbox 134 2551 224 2642; x_wconf 82' lang='lat' dir='ltr'>„Sed</span> <span class='ocrx_word' id='word_1_167' title='bbox 247 2554 294 2622; x_wconf 84' lang='lat' dir='ltr'>illi</span> <span class='ocrx_word' id='word_1_168' title='bbox 315 2547 716 2649; x_wconf 76' lang='lat' dir='ltr'>prohibebant‚,dicentes‚</span> <span class='ocrx_word' id='word_1_169' title='bbox 740 2553 824 2623; x_wconf 89' lang='lat' dir='ltr'>mihi</span> <span class='ocrx_word' id='word_1_170' title='bbox 845 2549 900 2623; x_wconf 90' lang='lat' dir='ltr'>diu</span> <span class='ocrx_word' id='word_1_171' title='bbox 913 2549 1119 2635; x_wconf 74' lang='lat' dir='ltr'>seruiendum</span> 
     </span>
     <span class='ocr_line' id='line_1_25' title="bbox 64 2634 1119 2751; baseline 0.001 -27"><span class='ocrx_word' id='word_1_172' title='bbox 64 2636 72 2751; x_wconf 45' lang='grc' dir='ltr'>Ι,</span> <span class='ocrx_word' id='word_1_173' title='bbox 135 2649 228 2743; x_wconf 77' lang='lat' dir='ltr'>„esse</span> <span class='ocrx_word' id='word_1_174' title='bbox 252 2654 413 2721; x_wconf 89' lang='lat' dir='ltr'>Domino.</span> <span class='ocrx_word' id='word_1_175' title='bbox 466 2654 541 2720; x_wconf 85' lang='lat' dir='ltr'>Post</span> <span class='ocrx_word' id='word_1_176' title='bbox 567 2674 644 2720; x_wconf 91' lang='lat' dir='ltr'>com</span> <span class='ocrx_word' id='word_1_177' title='bbox 669 2648 838 2734; x_wconf 79' lang='lat' dir='ltr'>lemnum,</span> <span class='ocrx_word' id='word_1_178' title='bbox 862 2652 915 2720; x_wconf 95' lang='lat' dir='ltr'>ubi</span> <span class='ocrx_word' id='word_1_179' title='bbox 941 2649 1060 2749; x_wconf 78' lang='lat' dir='ltr'>singuli</span> <span class='ocrx_word' id='word_1_180' title='bbox 1085 2634 1119 2725; x_wconf 81' lang='lat' dir='ltr'>se</span> 
     </span>
     <span class='ocr_line' id='line_1_26' title="bbox 64 2675 1120 2852; baseline 0.001 -28"><span class='ocrx_word' id='word_1_181' title='bbox 64 2834 65 2838; x_wconf 7' lang='grc' dir='ltr'><strong>Ἰ</strong></span> <span class='ocrx_word' id='word_1_182' title='bbox 91 2788 94 2793; x_wconf 92' lang='grc'><strong><em>·</em></strong></span> <span class='ocrx_word' id='word_1_183' title='bbox 136 2750 199 2843; x_wconf 83' lang='lat' dir='ltr'>„ad</span> <span class='ocrx_word' id='word_1_184' title='bbox 216 2748 268 2823; x_wconf 81' lang='lat' dir='ltr'>sus</span> <span class='ocrx_word' id='word_1_185' title='bbox 282 2753 435 2826; x_wconf 86' lang='lat' dir='ltr'>stramina</span> <span class='ocrx_word' id='word_1_186' title='bbox 450 2675 716 2844; x_wconf 70' lang='lat' dir='ltr'>composuisldnr,</span> <span class='ocrx_word' id='word_1_187' title='bbox 743 2773 808 2846; x_wconf 87' lang='lat' dir='ltr'>ego</span> <span class='ocrx_word' id='word_1_188' title='bbox 832 2774 891 2846; x_wconf 88' lang='lat' dir='ltr'>per</span> <span class='ocrx_word' id='word_1_189' title='bbox 905 2753 1022 2823; x_wconf 89' lang='lat' dir='ltr'>horam</span> <span class='ocrx_word' id='word_1_190' title='bbox 1043 2778 1120 2852; x_wconf 89' lang='lat' dir='ltr'>pro·</span> 
     </span>
     <span class='ocr_line' id='line_1_27' title="bbox 109 2843 1119 2948; baseline -0.001 -22"><span class='ocrx_word' id='word_1_191' title='bbox 109 2843 112 2851; x_wconf 16' lang='grc' dir='ltr'><strong><em>Δ</em></strong></span> <span class='ocrx_word' id='word_1_192' title='bbox 136 2873 272 2944; x_wconf 81' lang='lat' dir='ltr'>„stratus</span> <span class='ocrx_word' id='word_1_193' title='bbox 290 2856 457 2948; x_wconf 83' lang='lat' dir='ltr'>ingenua,</span> <span class='ocrx_word' id='word_1_194' title='bbox 481 2843 867 2928; x_wconf 82' lang='lat' dir='ltr'>commendabamanxia</span> <span class='ocrx_word' id='word_1_195' title='bbox 881 2856 1032 2925; x_wconf 87' lang='lat' dir='ltr'>oratione</span> <span class='ocrx_word' id='word_1_196' title='bbox 1051 2855 1119 2938; x_wconf 84' lang='lat' dir='ltr'>hoc</span> 
     </span>
     <span class='ocr_line' id='line_1_28' title="bbox 89 2949 1194 3044; baseline 0.002 -23"><span class='ocrx_word' id='word_1_197' title='bbox 89 3030 91 3034; x_wconf 11' lang='grc' dir='ltr'><em>Α</em></span> <span class='ocrx_word' id='word_1_198' title='bbox 136 2958 271 3044; x_wconf 53' lang='lat' dir='ltr'>3,meum</span> <span class='ocrx_word' id='word_1_199' title='bbox 289 2964 414 3021; x_wconf 83' lang='lat' dir='ltr'>novum</span> <span class='ocrx_word' id='word_1_200' title='bbox 431 2952 610 3019; x_wconf 87' lang='lat' dir='ltr'>institutum</span> <span class='ocrx_word' id='word_1_201' title='bbox 624 2949 681 3023; x_wconf 90' lang='lat' dir='ltr'>tibi</span> <span class='ocrx_word' id='word_1_202' title='bbox 697 2953 860 3025; x_wconf 76' lang='lat' dir='ltr'>Domino,</span> <span class='ocrx_word' id='word_1_203' title='bbox 876 2953 951 3023; x_wconf 93' lang='lat' dir='ltr'>Deo</span> <span class='ocrx_word' id='word_1_204' title='bbox 970 2979 1061 3040; x_wconf 73' lang='lat' dir='ltr'>meo,</span> <span class='ocrx_word' id='word_1_205' title='bbox 1087 2973 1118 3023; x_wconf 89' lang='lat' dir='ltr'>te</span> <span class='ocrx_word' id='word_1_206' title='bbox 1186 2977 1194 2984; x_wconf 89' lang='lat'>·</span> 
     </span>
     <span class='ocr_line' id='line_1_29' title="bbox 119 3043 1118 3148; baseline -0.003 -22"><span class='ocrx_word' id='word_1_207' title='bbox 119 3074 122 3085; x_wconf 92' lang='grc'><strong><em>·</em></strong></span> <span class='ocrx_word' id='word_1_208' title='bbox 137 3059 250 3146; x_wconf 81' lang='lat' dir='ltr'>„hujus</span> <span class='ocrx_word' id='word_1_209' title='bbox 264 3056 312 3123; x_wconf 88' lang='lat' dir='ltr'>rei</span> <span class='ocrx_word' id='word_1_210' title='bbox 326 3057 529 3146; x_wconf 85' lang='lat' dir='ltr'>inceptorem</span> <span class='ocrx_word' id='word_1_211' title='bbox 543 3043 701 3134; x_wconf 77' lang='lat' dir='ltr'>futurum,</span> <span class='ocrx_word' id='word_1_212' title='bbox 725 3068 757 3121; x_wconf 90' lang='lat' dir='ltr'>te</span> <span class='ocrx_word' id='word_1_213' title='bbox 771 3051 905 3121; x_wconf 91' lang='lat' dir='ltr'>orabam</span> <span class='ocrx_word' id='word_1_214' title='bbox 922 3046 987 3123; x_wconf 87' lang='lat' dir='ltr'>esse</span> <span class='ocrx_word' id='word_1_215' title='bbox 1001 3054 1118 3148; x_wconf 83' lang='lat' dir='ltr'>guber·</span> 
     </span>
     <span class='ocr_line' id='line_1_30' title="bbox 137 3149 1221 3246; baseline -0.002 -20"><span class='ocrx_word' id='word_1_216' title='bbox 137 3172 328 3243; x_wconf 66' lang='lat' dir='ltr'>„satorem</span> <span class='ocrx_word' id='word_1_217' title='bbox 361 3168 393 3220; x_wconf 89' lang='lat' dir='ltr'>te</span> <span class='ocrx_word' id='word_1_218' title='bbox 411 3151 495 3219; x_wconf 92' lang='lat' dir='ltr'>mihi</span> <span class='ocrx_word' id='word_1_219' title='bbox 517 3151 752 3219; x_wconf 85' lang='lat' dir='ltr'>constituebam</span> <span class='ocrx_word' id='word_1_220' title='bbox 776 3149 954 3246; x_wconf 86' lang='lat' dir='ltr'>praelatum</span> <span class='ocrx_word' id='word_1_221' title='bbox 974 3173 1005 3223; x_wconf 90' lang='lat' dir='ltr'>et</span> <span class='ocrx_word' id='word_1_222' title='bbox 1031 3178 1116 3244; x_wconf 84' lang='lat' dir='ltr'>sum·</span> <span class='ocrx_word' id='word_1_223' title='bbox 1216 3154 1221 3163; x_wconf 79' lang='grc'><strong>’</strong></span> 
     </span>
     <span class='ocr_line' id='line_1_31' title="bbox 136 3245 1118 3349; baseline -0.001 -25"><span class='ocrx_word' id='word_1_224' title='bbox 136 3278 252 3341; x_wconf 82' lang='lat' dir='ltr'>„mum</span> <span class='ocrx_word' id='word_1_225' title='bbox 270 3253 507 3349; x_wconf 65' lang='lat' dir='ltr'>praepositnnn</span> <span class='ocrx_word' id='word_1_226' title='bbox 534 3256 566 3318; x_wconf 90' lang='lat' dir='ltr'>tu</span> <span class='ocrx_word' id='word_1_227' title='bbox 589 3274 643 3329; x_wconf 81' lang='lat' dir='ltr'>me</span> <span class='ocrx_word' id='word_1_228' title='bbox 658 3247 825 3344; x_wconf 80' lang='lat' dir='ltr'>dirigeres,</span> <span class='ocrx_word' id='word_1_229' title='bbox 850 3277 894 3320; x_wconf 89' lang='lat' dir='ltr'>ne</span> <span class='ocrx_word' id='word_1_230' title='bbox 915 3245 993 3349; x_wconf 90' lang='lat' dir='ltr'>quid</span> <span class='ocrx_word' id='word_1_231' title='bbox 1013 3246 1079 3323; x_wconf 82' lang='lat' dir='ltr'>defi</span> <span class='ocrx_word' id='word_1_232' title='bbox 1105 3295 1118 3311; x_wconf 93' lang='lat'><strong>·</strong></span> 
     </span>
     <span class='ocr_line' id='line_1_32' title="bbox 136 3276 1117 3446; baseline -0.002 -22"><span class='ocrx_word' id='word_1_233' title='bbox 136 3378 272 3444; x_wconf 83' lang='lat' dir='ltr'>„narem</span> <span class='ocrx_word' id='word_1_234' title='bbox 288 3373 399 3421; x_wconf 88' lang='lat' dir='ltr'>contra</span> <span class='ocrx_word' id='word_1_235' title='bbox 414 3347 555 3446; x_wconf 78' lang='lat' dir='ltr'>gloriam</span> <span class='ocrx_word' id='word_1_236' title='bbox 569 3353 715 3418; x_wconf 88' lang='lat' dir='ltr'>nominis</span> <span class='ocrx_word' id='word_1_237' title='bbox 730 3353 774 3418; x_wconf 92' lang='lat' dir='ltr'>tui</span> <span class='ocrx_word' id='word_1_238' title='bbox 787 3354 952 3420; x_wconf 88' lang='lat' dir='ltr'>etauimae</span> <span class='ocrx_word' id='word_1_239' title='bbox 965 3276 1117 3445; x_wconf 48' lang='lat' dir='ltr'>mesell-</span> 
     </span>
     <span class='ocr_line' id='line_1_33' title="bbox 136 3444 1223 3544; baseline 0.002 -20"><span class='ocrx_word' id='word_1_240' title='bbox 136 3452 272 3544; x_wconf 79' lang='lat' dir='ltr'>„lutem</span> <span class='ocrx_word' id='word_1_241' title='bbox 322 3446 478 3519; x_wconf 89' lang='lat' dir='ltr'>Tandem</span> <span class='ocrx_word' id='word_1_242' title='bbox 494 3474 547 3519; x_wconf 89' lang='lat' dir='ltr'>me</span> <span class='ocrx_word' id='word_1_243' title='bbox 564 3445 658 3519; x_wconf 77' lang='lat' dir='ltr'>iimul</span> <span class='ocrx_word' id='word_1_244' title='bbox 674 3474 749 3518; x_wconf 87' lang='lat' dir='ltr'>cum</span> <span class='ocrx_word' id='word_1_245' title='bbox 764 3444 898 3521; x_wconf 85' lang='lat' dir='ltr'>indusio</span> <span class='ocrx_word' id='word_1_246' title='bbox 914 3449 1009 3523; x_wconf 87' lang='lat' dir='ltr'>laneo</span> <span class='ocrx_word' id='word_1_247' title='bbox 1020 3470 1052 3524; x_wconf 85' lang='lat' dir='ltr'>et</span> <span class='ocrx_word' id='word_1_248' title='bbox 1069 3469 1117 3543; x_wconf 61' lang='lat' dir='ltr'>lup</span> <span class='ocrx_word' id='word_1_249' title='bbox 1219 3502 1223 3508; x_wconf 90' lang='lat'><strong>·</strong></span> 
     </span>
     <span class='ocr_line' id='line_1_34' title="bbox 77 3544 1153 3646; baseline -0.003 -23"><span class='ocrx_word' id='word_1_250' title='bbox 77 3596 82 3605; x_wconf 45' lang='grc' dir='ltr'><em>ι</em></span> <span class='ocrx_word' id='word_1_251' title='bbox 110 3610 113 3615; x_wconf 60' lang='grc'><strong><em>,</em></strong></span> <span class='ocrx_word' id='word_1_252' title='bbox 136 3554 233 3642; x_wconf 79' lang='lat' dir='ltr'>„nica</span> <span class='ocrx_word' id='word_1_253' title='bbox 251 3544 383 3621; x_wconf 90' lang='lat' dir='ltr'>seculari</span> <span class='ocrx_word' id='word_1_254' title='bbox 406 3548 649 3646; x_wconf 86' lang='lat' dir='ltr'>componebam</span> <span class='ocrx_word' id='word_1_255' title='bbox 675 3551 709 3616; x_wconf 90' lang='lat' dir='ltr'>in</span> <span class='ocrx_word' id='word_1_256' title='bbox 730 3546 884 3620; x_wconf 84' lang='lat' dir='ltr'>lectulum</span> <span class='ocrx_word' id='word_1_257' title='bbox 904 3546 1115 3640; x_wconf 87' lang='lat' dir='ltr'>dormiturus,</span> <span class='ocrx_word' id='word_1_258' title='bbox 1144 3559 1153 3569; x_wconf 86' lang='lat'><strong><em>‘</em></strong></span> 
     </span>
     <span class='ocr_line' id='line_1_35' title="bbox 134 3644 1115 3746; baseline -0.003 -22"><span class='ocrx_word' id='word_1_259' title='bbox 134 3673 191 3744; x_wconf 79' lang='lat' dir='ltr'>¹„et</span> <span class='ocrx_word' id='word_1_260' title='bbox 213 3674 275 3722; x_wconf 91' lang='lat' dir='ltr'>oro</span> <span class='ocrx_word' id='word_1_261' title='bbox 290 3653 474 3720; x_wconf 77' lang='lat' dir='ltr'>orationem</span> <span class='ocrx_word' id='word_1_262' title='bbox 500 3644 698 3718; x_wconf 88' lang='lat' dir='ltr'>dominicam</span> <span class='ocrx_word' id='word_1_263' title='bbox 718 3666 814 3746; x_wconf 87' lang='lat' dir='ltr'>atque</span> <span class='ocrx_word' id='word_1_264' title='bbox 833 3646 876 3721; x_wconf 87' lang='lat' dir='ltr'>iic</span> <span class='ocrx_word' id='word_1_265' title='bbox 890 3647 1115 3740; x_wconf 70' lang='lat' dir='ltr'>obdormisco,</span> 
     </span>
     <span class='ocr_line' id='line_1_36' title="bbox 66 3742 1116 3851; baseline 0.006 -38"><span class='ocrx_word' id='word_1_266' title='bbox 66 3808 71 3813; x_wconf 78' lang='grc'><em>,</em></span> <span class='ocrx_word' id='word_1_267' title='bbox 133 3750 320 3851; x_wconf 72' lang='lat' dir='ltr'>&#39;„Agebam‚</span> <span class='ocrx_word' id='word_1_268' title='bbox 352 3768 386 3819; x_wconf 89' lang='lat' dir='ltr'>ut</span> <span class='ocrx_word' id='word_1_269' title='bbox 412 3742 602 3844; x_wconf 82' lang='lat' dir='ltr'>supradixi,</span> <span class='ocrx_word' id='word_1_270' title='bbox 634 3773 756 3818; x_wconf 85' lang='lat' dir='ltr'>annum</span> <span class='ocrx_word' id='word_1_271' title='bbox 782 3755 889 3820; x_wconf 85' lang='lat' dir='ltr'>aetatis</span> <span class='ocrx_word' id='word_1_272' title='bbox 914 3753 1116 3846; x_wconf 88' lang='lat' dir='ltr'>XX.·neque</span> 
     </span>
     <span class='ocr_line' id='line_1_37' title="bbox 136 3846 1116 3947; baseline -0.006 -23"><span class='ocrx_word' id='word_1_273' title='bbox 136 3853 300 3942; x_wconf 80' lang='lat' dir='ltr'>„videram</span> <span class='ocrx_word' id='word_1_274' title='bbox 323 3846 469 3946; x_wconf 86' lang='lat' dir='ltr'>regulam</span> <span class='ocrx_word' id='word_1_275' title='bbox 489 3864 543 3916; x_wconf 83' lang='lat' dir='ltr'>aut</span> <span class='ocrx_word' id='word_1_276' title='bbox 563 3851 702 3919; x_wconf 84' lang='lat' dir='ltr'>instituta</span> <span class='ocrx_word' id='word_1_277' title='bbox 723 3853 984 3937; x_wconf 80' lang='lat' dir='ltr'>rnoaachorum,</span> <span class='ocrx_word' id='word_1_278' title='bbox 1009 3873 1116 3947; x_wconf 80' lang='lat' dir='ltr'>neque</span> 
     </span>
    </p>
   </div>
   <div class='ocr_carea' id='block_1_4' title="bbox 85 3941 1115 4119">
    <p class='ocr_par' dir='ltr' id='par_1_4' title="bbox 85 3941 1115 4119">
     <span class='ocr_line' id='line_1_38' title="bbox 85 3941 1115 4046; baseline -0.007 -20"><span class='ocrx_word' id='word_1_279' title='bbox 85 3998 87 4003; x_wconf 95' lang='lat'>·</span> <span class='ocrx_word' id='word_1_280' title='bbox 134 3951 336 4044; x_wconf 67' lang='lat' dir='ltr'>„audieram</span> <span class='ocrx_word' id='word_1_281' title='bbox 359 3962 442 4046; x_wconf 84' lang='lat' dir='ltr'>quae</span> <span class='ocrx_word' id='word_1_282' title='bbox 458 3941 540 4019; x_wconf 84' lang='lat' dir='ltr'>esset</span> <span class='ocrx_word' id='word_1_283' title='bbox 550 3946 606 4018; x_wconf 83' lang='lat' dir='ltr'>illa</span> <span class='ocrx_word' id='word_1_284' title='bbox 619 3970 704 4020; x_wconf 79' lang='lat' dir='ltr'>nova</span> <span class='ocrx_word' id='word_1_285' title='bbox 718 3946 847 4021; x_wconf 87' lang='lat' dir='ltr'>vivendi</span> <span class='ocrx_word' id='word_1_286' title='bbox 869 3955 964 4033; x_wconf 84' lang='lat' dir='ltr'>ratio,</span> <span class='ocrx_word' id='word_1_287' title='bbox 981 3943 1044 4027; x_wconf 66' lang='lat' dir='ltr'>,sed</span> <span class='ocrx_word' id='word_1_288' title='bbox 1060 3972 1115 4019; x_wconf 88' lang='lat' dir='ltr'>ex·</span> 
     </span>
     <span class='ocr_line' id='line_1_39' title="bbox 875 4050 919 4119; baseline 0 -27"><span class='ocrx_word' id='word_1_289' title='bbox 875 4050 919 4119; x_wconf 77' lang='lat'>2*</span> 
     </span>
    </p>
   </div>
   <div class='ocr_carea' id='block_1_5' title="bbox 0 0 1242 4552">
    <p class='ocr_par' dir='ltr' id='par_1_5' title="bbox 0 0 1242 4552">
     <span class='ocr_line' id='line_1_40' title="bbox 0 0 1242 4552; baseline 0 0"><span class='ocrx_word' id='word_1_290' title='bbox 0 0 1242 4552; x_wconf 95' lang='lat' dir='ltr'> </span> 
     </span>
    </p>
   </div>
  </div>
 </body>
</html>
