2474 4552
145 386 250 507 ,catal
273 407 354 485 esset
376 412 459 489 mihi
481 413 641 509 propitius
655 406 746 482 Dent
771 427 803 484 et
817 419 925 498 tu'me
940 407 1132 493 absolverer.

143 510 284 599 ,Redeo
297 509 343 584 stc
355 509 396 581 ad
409 514 589 608 hospitium
610 528 642 584 et
654 504 824 608 ingredior
838 509 955 607 cubile,
970 532 1004 587 et
1016 517 1133 615 imagi·

144 633 249 698 „nem
265 614 389 683 Christi
405 606 562 696 crucifixi,
589 634 688 709 quam
701 605 829 709 semper
846 615 882 684 in
900 632 1013 689 menta
1025 620 1132 688 musei

146 716 244 799 „mei
263 710 444 795 habebam,¹
459 711 580 808 accepi,
606 727 638 781 et
661 713 756 807 posui
778 703 874 810 super
895 706 1075 802 scamnum,
1100 732 1133 788 et

145 835 285 897 „coram
303 807 359 881 illa
374 833 429 881 me
444 811 608 906 prostravi
619 811 656 880 in
669 818 800 880 te'rram.
837 810 980 883 Scribere
993 813 1048 883 hic
1060 838 1133 888 nort

138 902 323 1011 ¹„potsnm,
346 902 402 980 scd
425 900 543 980 sentire
567 925 645 981 tnnc
714 911 759 978 tui
780 912 944 1006 spiritum.
951 914 1073 1009 gratiae
1097 930 1132 984 et

145 1024 317 1097 „recum
335 1033 437 1107 quem
450 1006 651 1084 tuDomine‚
701 1031 755 1078 eus
763 1032 864 1101 meuc,
874 1011 970 1081 inme
986 1004 1131 1082 effunde-

145 1036 235 1196 „lae
285 1109 364 1206 Erat
381 1127 490 1179 autem
504 1097 642 1203 summa,
658 1101 750 1205 qnod
763 1105 908 1195 orabam,
932 1128 966 1181 tu
981 1110 1063 1179 mihi
1077 1102 1132 1208 pa·

129 1230 221 1295 ¹„ter
242 1202 334 1297 esset,
360 1225 393 1281 tn
415 1206 501 1286 mihi
523 1211 707 1284 remitteret
753 1225 867 1280 eccata.
896 1228 899 1233 ’
917 1208 995 1307 Ego
1013 1233 1068 1280 me
1081 1226 1132 1281 to·

147 1330 244 1394 „tum
264 1307 322 1379 tibi
342 1303 509 1391 dederam,
532 1325 567 1379 ut
580 1301 629 1389 de
643 1329 698 1378 me
713 1231 835 1379 saberet
854 1309 928 1406 quic
954 1302 1010 1379 uid
1023 1304 1133 1396 velles,

147 1432 313 1504 „cumque
326 1402 384 1478 illi'
396 1408 479 1476 mibi
493 1401 560 1477 fine
575 1408 711 1504 pecunia
729 1402 885 1478 nolebant
899 1332 966 1479 erle
979 1410 1133 1505 gratiosi,

104 1518 112 1535 ⁸
148 1527 208 1592 „tu
222 1509 305 1579 milri
318 1509 477 1603 gratimus
492 1500 582 1577 Deua
596 1523 628 1577 et
642 1506 735 1575 Pater
750 1497 841 1581 esses.
879 1505 1066 1599 sentiebam
1081 1523 1132 1578 to·

150 1627 241 1692 „tam
261 1624 409 1697 naturam
426 1629 534 1676 meam
555 1606 741 1690 immutari,
763 1622 794 1674 et
814 1598 961 1677 taedebat
988 1629 1043 1676 me
1065 1610 1133 1698 jam

151 1709 329 1791 „onmium
349 1728 458 1775 rerum
481 1699 608 1789 mundi,
633 1706 729 1774 etiam
751 1704 843 1795 hujus
862 1706 945 1774 vitae
966 1718 1052 1775 antur
1066 1699 1134 1776 ease

152 1799 320 1887 „videbam
345 1826 408 1871 una
419 1801 586 1898 cupiebam
601 1826 677 1873 cum
688 1802 763 1887 Deo
778 1804 897 1889 vivere,
920 1805 963 1874 ita
978 1820 1013 1875 nt
1026 1801 1132 1900 place·

153 1926 250 1985 „rem
270 1899 329 1972 illi.
378 1896 442 1970 Sed
463 1905 532 1999 quit
550 1901 605 1972 hic
625 1925 680 1971 me
703 1895 836 1974 doceret
856 1897 1053 2000 quomodo?
1077 1906 1133 1976 int

152 2025 237 2101 „per
261 2024 359 2098 quem
381 2007 470 2071 certo
493 1990 708 2099 consequerer
734 1996 967 2074 remissionem
984 2020 1133 2100 peccato·

151 2095 270 2190 „turni
293 2097 450 2184 Verbum,
464 2101 527 2171 rita
540 2117 570 2171 et
584 2098 643 2173 lux
659 2100 838 2171 bominum
851 2119 942 2172 erant
953 2125 1014 2199 per
1024 2117 1134 2175 totum

113 2208 116 2213 '
150 2198 289 2285 „orbem
307 2191 425 2297 sepulta
435 2202 472 2270 'in
492 2194 692 2270 densissimis
709 2197 848 2271 tenebris
866 2194 1085 2272 humanarum
1101 2217 1135 2271 et

114 2365 117 2368 ,
149 2293 429 2382 „stultissimorum
453 2291 674 2371 traditionum.
721 2297 928 2393 Deberirto
949 2320 1003 2373 aut
1022 2295 1134 2370 altissi-

151 2424 267 2483 „mum
285 2393 463 2483 silentium,
486 2415 541 2469 aut
556 2395 801 2495 proponebatur
814 2394 999 2470 durissimus
1020 2393 1132 2492 judex,

151 2524 275 2599 „quem
290 2502 344 2568 vix
359 2515 462 2567 mater
476 2515 508 2567 et
522 2519 640 2565 omnea
655 2486 753 2566 saneti
775 2498 811 2568 in
826 2494 932 2569 coelis
948 2493 1134 2596 sanguineis

150 2597 331 2688 „lacrymis
344 2592 471 2691 placare
488 2586 629 2690 possent,
653 2593 695 2663 ita
711 2600 832 2672 tamen,
853 2612 889 2663 nt
903 2599 1133 2690 poenitentem

152 2721 239 2797 „pro
261 2692 410 2793 quolibet
429 2710 562 2788 peccato
582 2688 715 2762 mortali
735 2687 776 2761 ad
797 2682 997 2788 septennaler
1010 2717 1135 2791 poenae

152 2795 376 2896 „purgatorii,
401 2787 485 2861 nihil
506 2782 692 2862 differentes
713 2790 753 2862 ab
774 2784 926 2881 inferno,
959 2795 1021 2864 nisi
1042 2787 1135 2890 quod

153 2918 247 2981 „nou
263 2886 372 2965 essent
384 2909 543 2976 aeternae,
561 2885 776 2989 protruderet.
820 2891 955 2966 Tamen
967 2914 1059 2991 rpem
1074 2897 1136 2962 mi·
1155 2924 1157 2930 ·

134 2998 213 3082 ²,hi
228 2984 417 3091 suggerebat
431 2991 582 3088 Spiritus,
605 2983 764 3081 futurum,
790 3010 826 3063 ut
837 2992 929 3071 Deua
939 2995 1021 3063 mihi
1035 2989 1136 3062 vellet

151 3096 338 3195 „propitius
360 3084 435 3162 esse.
485 3090 577 3189 Ergo
598 3086 724 3189 aliquot
748 3087 817 3161 dier
839 3085 1012 3162 deliberavi
1028 3088 1069 3161 de
1087 3114 1136 3160 ra·

155 3188 273 3283 „tione
283 3184 430 3262 mutandi
442 3208 538 3259 statut
551 3192 641 3260 ritae.
690 3185 853 3261 Videbam
874 3182 1135 3287 peccatamuudi
1161 3210 1168 3219 ’

155 3310 212 3382 „et'
225 3294 322 3365 totius
336 3291 464 3387 generis
485 3290 632 3375 humani,
656 3313 739 3389 quae
758 3289 881 3358 nemini
900 3313 970 3359 non
986 3307 1076 3359 erant
1089 3287 1134 3360 ob

104 3454 106 3460 .
155 3388 295 3482 „oculor
308 3391 422 3487 posita,
438 3383 586 3458 videbam
602 3405 634 3460 et
648 3404 777 3485 peccata
794 3411 868 3458 mea
881 3384 983 3458 multa
998 3405 1030 3458 et
1041 3411 1136 3485 mag·
1187 3438 1192 3444 ·

155 3515 222 3581 „na
234 3490 331 3561 nimir
342 3483 444 3558 valde.
482 3481 658 3559 Audieram
671 3502 779 3557 autem
796 3482 837 3559 de
853 3484 980 3559 occulta
995 3508 1027 3558 et
1041 3511 1135 3584 mag-

120 3672 129 3688 !
156 3598 221 3681 „tta
236 3581 396 3675 sanctitate
411 3581 784 3673 etiunocerrtiallmavitn
794 3589 1137 3682 monachumm,quo·
1217 3594 1222 3599 ”

157 3684 374 3778 „modoDeo
388 3680 456 3755 dies
470 3702 581 3755 noctes
606 3678 812 3757 resentirent
831 3680 974 3757 abstracti
986 3685 1025 3755 ab
1040 3686 1136 3756 omni
1212 3730 1215 3745 2

102 3831 105 3836 ·
157 3789 391 3887 „corruptione
410 3777 521 3869 seculi,
543 3708 704 3871 etlobrie,
726 3787 805 3876 juste
827 3803 859 3855 et
882 3780 965 3855 caste
978 3787 1136 3868 viverent,
1226 3792 1231 3799 ’

159 3882 358 3983 „missarum
386 3877 576 3996 psallenter,
600 3885 774 3976 jejunantes
795 3901 827 3954 ct
848 3899 990 3966 oranter,
1038 3878 1138 3952 Vide·

917 3986 944 4056 2
