2474 4552
1054 291 1099 366 15
1190 300 1197 313 ’“

125 427 360 532 ‚,Raspondeo,·
383 455 454 502 non
477 427 594 514 habeo,
616 451 735 527 pauper
752 421 840 498 sum:
864 419 1042 527 postrema,
1067 430 1104 499 vt'

126 542 273 622 „tantum
294 529 349 604 sex
369 551 529 609 nummos
555 525 678 617 darenn
699 525 885 625 respondeo
905 534 1033 616 iterum,
1058 555 1100 599 ne

124 660 326 721 „nummum
345 627 479 729 quidem
500 630 616 700 lrabe0.
661 623 857 700 Seeedebant
871 628 920 700 illi
945 651 976 700 et
996 628 1101 700 collo·
1188 636 1191 641 ’
1212 645 1223 680 ‘¹

125 736 340 834 „quebantun
357 726 448 801 aede
464 727 587 799 duabus
601 728 694 800 rebus
713 733 857 804 maxime
873 756 929 800 eos
945 723 1102 827 sollicitos
1143 795 1145 800 .
1164 796 1166 803 ,

120 829 216 922 „esse
230 819 400 904 audiebam
413 859 423 918 3
442 834 563 927 primo,
573 855 627 899 me
642 826 735 899 nullo
751 826 854 900 modo
872 825 1101 902 dimittendum

123 932 216 1022 „fine
237 931 344 1019 literis,
375 957 432 1014 ne,
454 926 478 999 fi
495 924 583 1019 forte
605 931 655 1000 res
675 922 754 999 esset
774 929 813 997 ab
831 928 901 1000 aliis
920 925 1110 1017 subornata„

123 1028 270 1131 „aliquid
291 1035 326 1102 in
347 1056 403 1102 me
423 1025 636 1124 Tragoediae
657 1032 868 1116 excitaretur,
893 1057 968 1100 cum
990 1027 1100 1100 literae
1162 1106 1165 1112 ,

123 1161 223 1220 „vere
260 1134 344 1219 hanc
381 1129 561 1224 clausulam
594 1132 820 1200 continerent:
855 1154 929 1227 pau
937 1126 1102 1227 peribus

124 1236 300 1332 „gratisz
325 1227 444 1302 deinde
457 1224 578 1327 aliquid
594 1247 679 1298 certe
696 1254 713 1297 a
732 1254 787 1299 me
802 1226 1039 1325 accipiendum,
1060 1244 1102 1299 ne
1140 1242 1143 1247 ’

123 1318 203 1421 „alii
226 1329 391 1404 audientes
410 1328 514 1401 literas
536 1330 597 1399 has
617 1325 896 1425 indulgentiarum
911 1333 1009 1426 gratis
1023 1326 1103 1415 dari,

123 1453 215 1522 „tota
234 1433 324 1504 turba
346 1428 477 1503 scholae
491 1449 522 1501 et
535 1425 763 1499 mendicorum
781 1426 931 1500 obrueret
953 1452 1021 1512 eos,
1045 1454 1104 1499 uo·

124 1534 255 1620 „lentes
269 1529 390 1630 linguli
407 1530 532 1603 lrabere
548 1531 697 1626 gratuitas
716 1522 944 1623 indulgentias.
995 1531 1103 1599 Finito

124 1625 287 1720 „consilio
306 1635 372 1724 (uu)
395 1625 555 1701 acceditur
574 1623 739 1698 rursus'ad
760 1653 825 1712 me,
852 1647 883 1697 et
902 1623 1001 1698 offert
1020 1631 1103 1697 milri

126 1786 148 1817 ‚,
173 1728 283 1802 uidam
295 1726 350 1802 sex
362 1752 535 1811 nummos,
560 1744 593 1797 vt
609 1725 684 1796 illos
698 1722 812 1798 darem
831 1724 1056 1799 commissario
1073 1745 1104 1797 et

127 1760 195 1914 „lle
209 1825 309 1899 essem
323 1847 525 1901 constructor
536 1820 623 1895 aedis
638 1829 720 1897 Petri
734 1827 862 1899 Romae
879 1848 911 1898 et
927 1816 1105 1924 opprcslor

127 1931 356 2017 „Turcarurm
377 1929 538 2024 particeps
553 1929 674 2022 gratiae
695 1929 813 1997 Christi
836 1949 868 1999 et
888 1924 1103 2025 indulgentia-

95 2067 97 2073 *
124 2054 251 2113 „arum
302 2023 364 2097 Sed
382 2029 424 2095 ibi
445 2048 538 2098 motu
554 2021 697 2124 quodam
713 2029 848 2123 Spiritus
862 2032 1004 2124 ingenue
1019 2027 1104 2117 dixi,

123 2153 214 2213 „me
238 2123 262 2195 fi
276 2125 394 2196 vellem
416 2144 536 2222 emptas
550 2118 779 2222 indulgentias,
799 2124 851 2198 vel
865 2126 1032 2199 divendito
1047 2126 1104 2198 ali·

121 2254 214 2325 „quo
241 2225 328 2298 libro
353 2253 430 2298 meo
457 2244 594 2324 argento
614 2250 725 2296 emere
743 2221 847 2325 posse.
898 2226 963 2299 Sed
984 2227 1104 2302 vellem

151 2413 209 2483 (w.)
225 2413 350 2483 Quanam
366 2420 423 2463 arta
438 2412 465 2462 in
483 2410 619 2464 eiusmodi
633 2411 716 2465 nodis
727 2403 882 2481 'solvendis'
896 2414 1029 2483 ltalomaln
1048 2432 1104 2486 po-

189 2480 322 2536 tissimum
329 2479 431 2532 Clerici
449 2476 538 2532 adhuc
553 2481 592 2532 vti
606 2480 721 2543 soleant,
734 2479 792 2554 ipse
804 2493 867 2534 anto
881 2482 1024 2538 biennium
1040 2500 1103 2537 suan

192 2560 331 2612 exsertus,
350 2567 436 2619 tnrrrm
449 2549 545 2601 Italam
558 2546 627 2600 mihi
643 2551 980 2623 cognatam'eaudemquu
998 2550 1103 2605 firtrrma

190 2570 351 2671 valetudinis
365 2615 526 2668 infirmitate
541 2615 724 2682 laborantem,
745 2617 919 2688 hospitaliter
931 2618 1102 2689 excepissem-

192 2687 281 2739 Misfis
303 2686 377 2738 enirn
390 2685 419 2735 in
433 2685 551 2752 patriam
565 2681 732 2748 litarialraac
750 2683 859 2750 miser-a,
875 2688 951 2755 cujus
965 2689 1104 2742 memori·
1189 2700 1201 2711 ⁰

190 2775 235 2807 am
248 2755 322 2806 nulla
341 2751 423 2804 nobis
438 2748 540 2803 delenit
556 2750 623 2815 dios,
640 2750 713 2803 inter
728 2745 891 2826 alia³questa
907 2764 972 2821 erat,
986 2752 1014 2809 lu
1028 2757 1103 2811 hisce

103 2863 105 2866 >
191 2827 220 2875 in
234 2820 394 2892 regionibns
409 2819 547 2872 Clericum
561 2817 724 2875 catholicum
736 2840 796 2875 nun
814 2820 957 2890 invenisse,
975 2827 1019 2879 cni
1040 2822 1100 2880 scr*

191 2912 275 2944 mone
295 2890 386 2962 patrio
405 2897 515 2959 peccata
535 2885 581 2941 sua
600 2887 725 2944 confiteri
745 2885 847 2963 posset,
860 2903 941 2967 atque
953 2893 1017 2947 huic
1029 2892 1101 2960 iltius

190 2961 320 3031 epistulae
336 2980 351 3012 a
368 2957 476 3010 Clerico
492 2958 613 3028 quodam
626 2959 719 3014 Italico
733 2964 848 3016 nomine
862 2967 956 3032 matris
972 2964 1037 3018 haec
1050 2984 1102 3018 re·

191 3033 293 3100 scripta
309 3026 384 3083 lunt:
401 3025 442 3079 Mi
458 3026 557 3097 afflige,
576 3025 626 3080 che
641 3030 667 3110 vj
678 3032 795 3084 tronare
810 3033 838 3085 in
865 3037 927 3086 rarsi
942 3051 1001 3086 non
1015 3032 1102 3087 Cato-

92 3097 108 3120 ”
189 3100 244 3160 lici,
261 3117 306 3152 ma
326 3099 354 3150 io
370 3096 413 3169 dcl
426 3098 559 3149 continuo
573 3113 661 3167 prego
674 3098 693 3151 il
706 3098 815 3169 fignoru
828 3053 916 3167 lddio,
935 3099 1027 3168 che-ri
1041 3104 1102 3172 aju—
1183 3134 1188 3145 ·

189 3169 210 3220 ti
230 3170 263 3231 in
281 3167 347 3238 ogni
365 3161 460 3218 vostro
480 3166 503 3217 ai
531 3166 742 3237 spiritualeche
763 3169 912 3239 corporale
936 3169 1067 3239 bisogno,
1087 3189 1102 3224 e

189 3253 273 3306 spero
284 3237 345 3288 anzi
363 3236 423 3288 vivo
438 3234 529 3288 sicura
542 3235 591 3287 che
612 3236 651 3288 1ni
670 3254 752 3290 vorra
772 3238 906 3304 esaudira
928 3239 1103 3293 liicordatevi

189 3305 247 3358 dnn
287 3322 300 3356 e
318 3301 367 3356 che
378 3305 444 3357 sieta
460 3302 585 3368 Catolica,
605 3303 683 3358 eche
696 3315 770 3358 avete
781 3312 828 3357 un‘
848 3306 939 3360 anima
960 3307 995 3361 da
1013 3309 1102 3362 salva-
1180 3327 1205 3360 .·

187 3391 231 3426 re.
286 3391 322 3425 on
336 3371 362 3424 vi
381 3370 488 3427 lasciate
500 3375 556 3426 mai
569 3367 694 3426 'scdurre
716 3374 751 3427 ad
770 3372 947 3429 abbracciare
989 3394 1019 3430 er
1032 3397 1103 3449 qua-

188 3442 291 3513 lnnqua
302 3449 378 3493 costo
391 3441 470 3495 alcun
481 3442 552 3495 altra
571 3441 713 3512 religione.
751 3442 810 3510 So,
830 3442 873 3498 e'h
881 3463 900 3505 e,
910 3446 942 3497 vi
962 3395 986 3499 d
988 3448 1016 3500 ia
1026 3466 1044 3529 p
1054 3448 1102 3500 ia-

190 3527 241 3574 ce,
265 3508 301 3562 di
321 3526 391 3563 n-on
421 3527 528 3563 avere
559 3509 664 3563 alcun
696 3508 890 3567 sacerdote
921 3514 1102 3582 Catolrco,

188 3577 251 3633 che
266 3577 322 3632 sia
339 3579 461 3650 perito
476 3578 513 3632 di
534 3578 661 3648 lingua
684 3579 856 3650 italiana,
875 3585 967 3638 ondu
986 3586 1118 3657 νίνρο-1

186 3643 280 3702 lesse
305 3647 481 3702 assistere
501 3649 544 3699 nd
574 3648 691 3720 vostri
719 3644 915 3732 spirituali
938 3654 1101 3723 bisogni:

103 3753 109 3766 s
186 3712 1101 3791 maqueatonondpoiessenzralmeritenec'cssa7

127 3802 132 3813 ’
185 3781 1102 3858 riopersalvarvi511nattodiperfettacontritio.

185 3854 299 3910 necol
316 3852 554 3928 desideriodi
572 3853 799 3912 conseslarvi
822 3859 929 3912 basta
946 3877 1009 3931 per
1026 3859 1100 3911 sar·-

184 3924 219 3974 vi
248 3932 415 3975 ottenere
452 3918 511 3978 dal
542 3919 695 3994 Signore
723 3926 749 3981 il
774 3924 938 4000 perdono
970 3925 1098 3995 d’ogni

186 4000 311 4049 vostra
334 3990 446 4061 calpa.
521 4034 526 4055 .,
863 4022 866 4026 ’
