2474 4552
172 356 174 360 .
920 320 931 341 ι
1081 260 1166 355 93,

142 407 314 467 „marmor
329 376 542 468 albissimum,
565 377 766 468 rotundum„
780 379 947 472 altitudine
962 379 1049 457 forte
1062 380 1129 458 ses.

146 482 223 580 „qui
238 480 401 566 ulnarum,
427 476 573 579 dumque
586 474 784 570 accedimus,
808 479 908 555 video
926 478 1069 557 solidum
1083 483 1129 558 la·

140 579 278 680 „pidem
297 579 504 679 ubiprorrus
525 576 635 651 nullae
656 600 746 652 erent
765 587 940 676 juncturae,
963 587 999 654 in
1015 602 1128 659 rotun·
1169 653 1173 675 ,
1221 640 1224 645 -

139 677 245 764 „dum
267 699 469 751 excavatum.
518 678 655 751 interius
677 700 744 753 erat
762 675 917 754 foramen
932 681 1125 774 rotundum,

139 774 252 865 „unde
269 775 386 852 fluvius
405 775 460 848 iile
483 781 571 876 quasi
592 782 624 849 vi
645 773 785 877 quadam
807 780 1013 880 erumpebat·
1055 766 1129 854 Hic'
1210 808 1218 820 ·

136 903 218 967 „me
230 874 346 951 ductor
356 874 484 971 jubebat
495 903 537 950 ex
552 872 647 949 fonte
663 878 781 952 bibere.
830 881 908 978 Ego
921 877 1032 980 primo
1044 905 1122 980 pro·

138 979 257 1064 „cubui
273 981 442 1075 ingenua,
466 976 542 1048 Deo
560 981 679 1074 gratias
697 1003 808 1077 agens,
829 997 943 1079 postea
958 982 1121 1081 erigonae

136 1076 309 1163 „manibus
322 1078 497 1150 hausturus
510 1100 554 1147 ex
569 1070 664 1171 fonte
682 1099 809 1176 potum.
857 1074 925 1149 sed
941 1072 1021 1150 dum
1038 1081 1120 1179 aspi·-

137 1182 226 1264 „ciu‚
251 1172 347 1251 video
365 1178 547 1275 imaginem
567 1174 688 1251 Christi
708 1181 744 1247 in
761 1173 834 1277 ipso
847 1170 944 1253 fonte
963 1179 1033 1249 vice
1045 1202 1119 1267 cau·

135 1272 245 1365 „cellb
280 1271 457 1367 Videbatur
467 1295 577 1347 antem
596 1277 682 1349 mibi
700 1271 766 1348 esse
785 1280 875 1349 vivus
897 1276 1061 1367 Christus,
1085 1294 1119 1350 et

133 1375 307 1475 „lignum
332 1378 384 1446 cui
406 1393 473 1446 erat
495 1370 629 1462 affixus,
646 1370 730 1448 ¹erut
749 1379 785 1448 in
804 1370 964 1475 quadrum
978 1371 1118 1450 affixum
1149 1396 1153 1408 '

133 1476 329 1562 „marmori
354 1493 386 1546 et
406 1493 441 1547 ut
460 1469 540 1545 esset
558 1472 658 1546 veluti
678 1470 853 1548 fortisfima
875 1492 985 1548 crates.
1034 1472 1117 1547 Non

132 1568 393 1674 „supervacabm
412 1565 469 1643 sed
483 1597 565 1671 aqua
581 1573 743 1645 eminebat
756 1567 791 1646 su
816 1599 850 1646 ra
870 1597 997 1646 crucem
1013 1569 1055 1644 ad
1070 1572 1115 1647 al·

133 1669 329 1763 „titudinem
344 1666 481 1742 duarum
491 1689 545 1745 aut
556 1662 644 1745 forte
660 1600 933 1771 sesquiubnarum.
955 1673 1115 1773 Dumque

80 1806 82 1813 ·
133 1770 304 1859 „manibus
317 1777 381 1864 jam
396 1773 527 1857 haurire
541 1768 634 1856 volo,
648 1767 746 1841 video
760 1796 898 1844 omnem
915 1766 1006 1845 illam
1021 1769 1114 1864 abys-

96 1958 100 1963 ,
133 1865 230 1959 „sum
248 1893 428 1966 aquarum,
453 1863 601 1962 (inferius
623 1872 713 1940 enim
727 1866 836 1949 nullus
863 1887 930 1943 emt
947 1860 1111 1970 finispro·

133 1964 363 2059 „funditatis‚)
387 1961 535 2040 scaturire
551 1993 592 2039 ex
617 1965 800 2061 vulneribus
820 1964 983 2059 crucifiiti,
1005 1973 1110 2044 ntaoi·
1139 1976 1146 1989 ¹

130 2068 231 2158 ‚,bus‚
254 2064 412 2165 pedibus,
436 2064 606 2152 etiamne,
636 2071 746 2164 primo
766 2076 851 2140 tante
872 2070 942 2141 rubi
968 2072 1042 2157 itte,
1072 2086 1109 2141 ut

121 2193 308 2267 „gemmae
326 2164 432 2238 rubini
454 2160 580 2239 obscuri
601 2163 665 2248 sint
685 2161 725 2237 ad
748 2164 844 2239 illum
870 2094 1112 2241 lucidisfitnutn'

127 2267 317 2359 „ruborem
331 2285 362 2336 et
373 2259 477 2337 subito
499 2266 612 2338 omnia
627 2270 663 2337 in
676 2284 796 2339 tantam
810 2264 987 2341 claritatem
1003 2285 1107 2339 muta·

124 2368 273 2458 „hautun
300 2384 334 2436 ut
352 2363 528 2437 cristallina
545 2359 677 2457 fierent.
727 2369 804 2464 Ego
824 2357 905 2439 uero
926 2361 1006 2440 dum
1026 2369 1125 2439 bsec'

119 2462 259 2556 „videm
282 2469 325 2535 ita
337 2467 514 2536 reverentia
537 2460 971 2633 quadamflgraesentisfimae
990 2462 1106 2538 divini·

124 2569 219 2654 „tatis
240 2571 273 2634 in
289 2565 354 2635 hoc
368 2557 462 2637 fonte
476 2581 596 2664 tangor
609 2582 670 2636 eta
709 2568 794 2650 cior,
821 2560 914 2663 quod
927 2561 1118 2665 indignum¹
1230 2654 1233 2662 μ

124 2691 204 2755 „me
223 2654 414 2755 judicabam,
433 2659 487 2733 vel
503 2658 664 2759 guttulam
676 2666 834 2760 attingere
854 2686 958 2761 aquae
980 2687 1021 2733 ex
1035 2686 1107 2735 cor·

124 2762 191 2857 „de
211 2758 275 2859 filii
297 2763 361 2831 Dei
382 2754 590 2846 scaturientis,
613 2777 645 2831 et
666 2759 838 2831 cunctabar
859 2763 1000 2849 haurire,
1024 2756 1104 2833 ficut

123 2869 257 2953 „Petrus
273 2856 416 2934 dicebat:
440 2862 509 2933 exi
532 2884 552 2930 a
575 2858 840 2946 memmiae,
864 2861 990 2935 homo
1013 2886 1103 2962 pec·

120 2981 268 3052 „catur
299 2954 395 3035 sum.
444 2959 488 3031 Et
512 2962 630 3031 iterum
650 2959 809 3058 procubui
829 2964 865 3032 in
885 2986 1002 3060 genua.
1052 2959 1103 3032 Ibi

110 3060 262 3156 ‚4,du'ctor
273 3086 366 3133 meus
384 3055 546 3133 dexterea
569 3057 742 3160 prehendit
758 3058 879 3159 pedem
893 3086 1006 3132 meum
1022 3057 1101 3132 dex·

122 3160 244 3253 „trum
261 3157 446 3233 cuismister
462 3181 529 3231 erat
538 3084 729 3258 dippofitus,
741 3163 774 3233 et
786 3185 840 3232 me
855 3163 891 3231 in
903 3152 1008 3256 ipsum
1022 3154 1100 3232 fon·

92 3288 95 3294 ·
122 3260 212 3353 „t'e'm
228 3263 424 3360 praecipitat.
457 3257 633 3349 Dominus,
655 3260 745 3331 Deus
756 3284 858 3347 meus,
880 3256 957 3355 quid
972 3260 1027 3330 hic
1040 3253 1125 3351 fre-J

119 3363 196 3454 „bat
209 3366 243 3432 in
257 3363 334 3431 me?
382 3359 469 3430 Nam
488 3363 590 3456 capite
604 3357 835 3453 contingebam
856 3376 963 3455 pectus
978 3360 1100 3430 Christi
1177 3355 1179 3359 ⁴

119 3482 178 3554 „st
191 3458 417 3557 scaturiginem
430 3457 514 3547 iliius
529 3461 643 3556 magni
664 3457 808 3530 vulneris
823 3455 940 3545 lateris,
963 3458 1099 3552 genibus
1189 3492 1192 3501 ·

119 3554 177 3652 „et
190 3558 337 3647 manibus
355 3551 489 3655 contigi
505 3583 620 3656 corpus
645 3551 804 3654 crucifixi,
829 3557 1029 3644 minuebat,
1055 3583 1098 3628 ne

120 3658 387 3758 ‚,submergerer,
411 3678 442 3728 et
459 3682 588 3754 prorsus
606 3650 737 3735 fuissem
760 3652 958 3745 submersus,
978 3663 1040 3728 nisi
1061 3663 1097 3728 in

120 3765 213 3854 „boc
231 3755 394 3833 subvectus
419 3775 452 3828 et
469 3752 584 3826 affixus
606 3781 660 3827 me
685 3750 907 3843 sustentasses;
935 3754 1097 3854 ingredie-
1130 3798 1139 3819 =
1179 3762 1181 3767 ’

120 3864 236 3964 „batur
248 3854 346 3956 fimul
363 3883 403 3931 os
421 3866 611 3957 monument
626 3874 656 3929 et
669 3881 785 3959 corpus
795 3882 907 3930 mcum
921 3852 1097 3957 potusdul·
